@Manual{R-animation,
  title = {animation: A Gallery of Animations in Statistics and Utilities to Create
Animations},
  author = {Yihui Xie},
  year = {2018},
  note = {R package version 2.6},
  url = {https://CRAN.R-project.org/package=animation},
}
@Manual{R-askpass,
  title = {askpass: Safe Password Entry for R, Git, and SSH},
  author = {Jeroen Ooms},
  year = {2019},
  note = {R package version 1.1},
  url = {https://CRAN.R-project.org/package=askpass},
}
@Manual{R-assertthat,
  title = {assertthat: Easy Pre and Post Assertions},
  author = {Hadley Wickham},
  year = {2019},
  note = {R package version 0.2.1},
  url = {https://CRAN.R-project.org/package=assertthat},
}
@Manual{R-backports,
  title = {backports: Reimplementations of Functions Introduced Since R-3.0.0},
  author = {Michel Lang and {R Core Team}},
  year = {2020},
  note = {R package version 1.1.7},
  url = {https://CRAN.R-project.org/package=backports},
}
@Manual{R-base64enc,
  title = {base64enc: Tools for base64 encoding},
  author = {Simon Urbanek},
  year = {2015},
  note = {R package version 0.1-3},
  url = {https://CRAN.R-project.org/package=base64enc},
}
@Manual{R-bayesplot,
  title = {bayesplot: Plotting for Bayesian Models},
  author = {Jonah Gabry and Tristan Mahr},
  year = {2019},
  note = {R package version 1.7.1},
  url = {https://CRAN.R-project.org/package=bayesplot},
}
@Manual{R-bfast,
  title = {bfast: Breaks For Additive Season and Trend (BFAST)},
  author = {Jan Verbesselt and Achim Zeileis},
  year = {2014},
  note = {R package version 1.5.7},
  url = {https://CRAN.R-project.org/package=bfast},
}
@Manual{R-bfastSpatial,
  title = {bfastSpatial: Utilities to monitor for change on satellite image time-series},
  author = {Loic Dutrieux and Ben DeVries and Jan Verbesselt},
  year = {2016},
  note = {R package version 0.6.3},
}
@Manual{R-BH,
  title = {BH: Boost C++ Header Files},
  author = {Dirk Eddelbuettel and John W. Emerson and Michael J. Kane},
  year = {2020},
  note = {R package version 1.72.0-3},
  url = {https://CRAN.R-project.org/package=BH},
}
@Manual{R-bit,
  title = {bit: A Class for Vectors of 1-Bit Booleans},
  author = {Jens Oehlschlägel},
  year = {2020},
  note = {R package version 1.1-15.2},
  url = {https://CRAN.R-project.org/package=bit},
}
@Manual{R-bit64,
  title = {bit64: A S3 Class for Vectors of 64bit Integers},
  author = {Jens Oehlschlägel},
  year = {2017},
  note = {R package version 0.9-7},
  url = {https://CRAN.R-project.org/package=bit64},
}
@Manual{R-bitops,
  title = {bitops: Bitwise Operations},
  author = {S original by Steve Dutky initial R port and extensions by Martin Maechler; revised and modified by Steve Dutky},
  year = {2013},
  note = {R package version 1.0-6},
  url = {https://CRAN.R-project.org/package=bitops},
}
@Manual{R-blob,
  title = {blob: A Simple S3 Class for Representing Vectors of Binary Data
('BLOBS')},
  author = {Hadley Wickham},
  year = {2020},
  note = {R package version 1.2.1},
  url = {https://CRAN.R-project.org/package=blob},
}
@Manual{R-boot,
  title = {boot: Bootstrap Functions (Originally by Angelo Canty for S)},
  author = {Angelo Canty and Brian Ripley},
  year = {2019},
  note = {R package version 1.3-23},
  url = {https://CRAN.R-project.org/package=boot},
}
@Manual{R-broom,
  title = {broom: Convert Statistical Analysis Objects into Tidy Tibbles},
  author = {David Robinson and Alex Hayes},
  year = {2020},
  note = {R package version 0.5.5},
  url = {https://CRAN.R-project.org/package=broom},
}
@Manual{R-callr,
  title = {callr: Call R from R},
  author = {Gábor Csárdi and Winston Chang},
  year = {2020},
  note = {R package version 3.4.3},
  url = {https://CRAN.R-project.org/package=callr},
}
@Manual{R-caret,
  title = {caret: Classification and Regression Training},
  author = {Max Kuhn},
  year = {2020},
  note = {R package version 6.0-86},
  url = {https://CRAN.R-project.org/package=caret},
}
@Manual{R-caTools,
  title = {caTools: Tools: Moving Window Statistics, GIF, Base64, ROC AUC, etc},
  author = {Jarek Tuszynski},
  year = {2020},
  note = {R package version 1.18.0},
  url = {https://CRAN.R-project.org/package=caTools},
}
@Manual{R-cellranger,
  title = {cellranger: Translate Spreadsheet Cell Ranges to Rows and Columns},
  author = {Jennifer Bryan},
  year = {2016},
  note = {R package version 1.1.0},
  url = {https://CRAN.R-project.org/package=cellranger},
}
@Manual{R-checkmate,
  title = {checkmate: Fast and Versatile Argument Checks},
  author = {Michel Lang},
  year = {2020},
  note = {R package version 2.0.0},
  url = {https://CRAN.R-project.org/package=checkmate},
}
@Manual{R-class,
  title = {class: Functions for Classification},
  author = {Brian Ripley},
  year = {2019},
  note = {R package version 7.3-15},
  url = {https://CRAN.R-project.org/package=class},
}
@Manual{R-classInt,
  title = {classInt: Choose Univariate Class Intervals},
  author = {Roger Bivand},
  year = {2019},
  note = {R package version 0.4-2},
  url = {https://CRAN.R-project.org/package=classInt},
}
@Manual{R-cli,
  title = {cli: Helpers for Developing Command Line Interfaces},
  author = {Gábor Csárdi},
  year = {2020},
  note = {R package version 2.0.2},
  url = {https://CRAN.R-project.org/package=cli},
}
@Manual{R-clipr,
  title = {clipr: Read and Write from the System Clipboard},
  author = {Matthew Lincoln},
  year = {2019},
  note = {R package version 0.7.0},
  url = {https://CRAN.R-project.org/package=clipr},
}
@Manual{R-cluster,
  title = {cluster: "Finding Groups in Data": Cluster Analysis Extended Rousseeuw et
al.},
  author = {Martin Maechler and Peter Rousseeuw and Anja Struyf and Mia Hubert},
  year = {2019},
  note = {R package version 2.1.0},
  url = {https://CRAN.R-project.org/package=cluster},
}
@Manual{R-ClustGeo,
  title = {ClustGeo: Hierarchical Clustering with Spatial Constraints},
  author = {Marie Chavent and Vanessa Kuentz and Amaury Labenne and Jerome Saracco},
  year = {2017},
  note = {R package version 2.0},
  url = {https://CRAN.R-project.org/package=ClustGeo},
}
@Manual{R-coda,
  title = {coda: Output Analysis and Diagnostics for MCMC},
  author = {Martyn Plummer and Nicky Best and Kate Cowles and Karen Vines and Deepayan Sarkar and Douglas Bates and Russell Almond and Arni Magnusson},
  year = {2019},
  note = {R package version 0.19-3},
  url = {https://CRAN.R-project.org/package=coda},
}
@Manual{R-codetools,
  title = {codetools: Code Analysis Tools for R},
  author = {Luke Tierney},
  year = {2018},
  note = {R package version 0.2-16},
  url = {https://CRAN.R-project.org/package=codetools},
}
@Manual{R-colorspace,
  title = {colorspace: A Toolbox for Manipulating and Assessing Colors and Palettes},
  author = {Ross Ihaka and Paul Murrell and Kurt Hornik and Jason C. Fisher and Reto Stauffer and Claus O. Wilke and Claire D. McWhite and Achim Zeileis},
  year = {2019},
  note = {R package version 1.4-1},
  url = {https://CRAN.R-project.org/package=colorspace},
}
@Manual{R-colourpicker,
  title = {colourpicker: A Colour Picker Tool for Shiny and for Selecting Colours in
Plots},
  author = {Dean Attali},
  year = {2017},
  note = {R package version 1.0},
  url = {https://CRAN.R-project.org/package=colourpicker},
}
@Manual{R-crayon,
  title = {crayon: Colored Terminal Output},
  author = {Gábor Csárdi},
  year = {2017},
  note = {R package version 1.3.4},
  url = {https://CRAN.R-project.org/package=crayon},
}
@Manual{R-crosstalk,
  title = {crosstalk: Inter-Widget Interactivity for HTML Widgets},
  author = {Joe Cheng},
  year = {2020},
  note = {R package version 1.1.0.1},
  url = {https://CRAN.R-project.org/package=crosstalk},
}
@Manual{R-curl,
  title = {curl: A Modern and Flexible Web Client for R},
  author = {Jeroen Ooms},
  year = {2019},
  note = {R package version 4.3},
  url = {https://CRAN.R-project.org/package=curl},
}
@Manual{R-data.table,
  title = {data.table: Extension of `data.frame`},
  author = {Matt Dowle and Arun Srinivasan},
  year = {2019},
  note = {R package version 1.12.8},
  url = {https://CRAN.R-project.org/package=data.table},
}
@Manual{R-DBI,
  title = {DBI: R Database Interface},
  author = {{R Special Interest Group on Databases (R-SIG-DB)} and Hadley Wickham and Kirill Müller},
  year = {2019},
  note = {R package version 1.1.0},
  url = {https://CRAN.R-project.org/package=DBI},
}
@Manual{R-dbplyr,
  title = {dbplyr: A 'dplyr' Back End for Databases},
  author = {Hadley Wickham and Edgar Ruiz},
  year = {2020},
  note = {R package version 1.4.3},
  url = {https://CRAN.R-project.org/package=dbplyr},
}
@Manual{R-deldir,
  title = {deldir: Delaunay Triangulation and Dirichlet (Voronoi) Tessellation},
  author = {Rolf Turner},
  year = {2020},
  note = {R package version 0.1-28},
  url = {https://CRAN.R-project.org/package=deldir},
}
@Manual{R-dendextend,
  title = {dendextend: Extending 'dendrogram' Functionality in R},
  author = {Tal Galili and Gregory Jefferis},
  year = {2020},
  note = {R package version 1.13.4},
  url = {https://CRAN.R-project.org/package=dendextend},
}
@Manual{R-desc,
  title = {desc: Manipulate DESCRIPTION Files},
  author = {Gábor Csárdi and Kirill Müller and Jim Hester},
  year = {2018},
  note = {R package version 1.2.0},
  url = {https://CRAN.R-project.org/package=desc},
}
@Manual{R-dials,
  title = {dials: Tools for Creating Tuning Parameter Values},
  author = {Max Kuhn},
  year = {2020},
  note = {R package version 0.0.6},
  url = {https://CRAN.R-project.org/package=dials},
}
@Manual{R-DiceDesign,
  title = {DiceDesign: Designs of Computer Experiments},
  author = {Jessica Franco and Delphine Dupuy and Olivier Roustant and Patrice Kiener and Guillaume Damblin and Bertrand Iooss.},
  year = {2019},
  note = {R package version 1.8-1},
  url = {https://CRAN.R-project.org/package=DiceDesign},
}
@Manual{R-digest,
  title = {digest: Create Compact Hash Digests of R Objects},
  author = {Dirk Eddelbuettel with contributions by Antoine Lucas and Jarek Tuszynski and Henrik Bengtsson and Simon Urbanek and Mario Frasca and Bryan Lewis and Murray Stokely and Hannes Muehleisen and Duncan Murdoch and Jim Hester and Wush Wu and Qiang Kou and Thierry Onkelinx and Michel Lang and Viliam Simko and Kurt Hornik and Radford Neal and Kendon Bell and Matthew {de Queljoe} and Ion Suruceanu and Bill Denney.},
  year = {2020},
  note = {R package version 0.6.25},
  url = {https://CRAN.R-project.org/package=digest},
}
@Manual{R-doParallel,
  title = {doParallel: Foreach Parallel Adaptor for the 'parallel' Package},
  author = {Microsoft Corporation and Steve Weston},
  year = {2019},
  note = {R package version 1.0.15},
  url = {https://CRAN.R-project.org/package=doParallel},
}
@Manual{R-dplyr,
  title = {dplyr: A Grammar of Data Manipulation},
  author = {Hadley Wickham and Romain François and Lionel Henry and Kirill Müller},
  year = {2020},
  note = {R package version 0.8.5},
  url = {https://CRAN.R-project.org/package=dplyr},
}
@Manual{R-DT,
  title = {DT: A Wrapper of the JavaScript Library 'DataTables'},
  author = {Yihui Xie and Joe Cheng and Xianying Tan},
  year = {2020},
  note = {R package version 0.13},
  url = {https://CRAN.R-project.org/package=DT},
}
@Manual{R-dygraphs,
  title = {dygraphs: Interface to 'Dygraphs' Interactive Time Series Charting Library},
  author = {Dan Vanderkam and JJ Allaire and Jonathan Owen and Daniel Gromer and Benoit Thieurmel},
  year = {2018},
  note = {R package version 1.1.1.6},
  url = {https://CRAN.R-project.org/package=dygraphs},
}
@Manual{R-e1071,
  title = {e1071: Misc Functions of the Department of Statistics, Probability
Theory Group (Formerly: E1071), TU Wien},
  author = {David Meyer and Evgenia Dimitriadou and Kurt Hornik and Andreas Weingessel and Friedrich Leisch},
  year = {2019},
  note = {R package version 1.7-3},
  url = {https://CRAN.R-project.org/package=e1071},
}
@Manual{R-ellipsis,
  title = {ellipsis: Tools for Working with ...},
  author = {Hadley Wickham},
  year = {2020},
  note = {R package version 0.3.1},
  url = {https://CRAN.R-project.org/package=ellipsis},
}
@Manual{R-evaluate,
  title = {evaluate: Parsing and Evaluation Tools that Provide More Details than the
Default},
  author = {Hadley Wickham and Yihui Xie},
  year = {2019},
  note = {R package version 0.14},
  url = {https://CRAN.R-project.org/package=evaluate},
}
@Manual{R-expm,
  title = {expm: Matrix Exponential, Log, 'etc'},
  author = {Vincent Goulet and Christophe Dutang and Martin Maechler and David Firth and Marina Shapira and Michael Stadelmann},
  year = {2020},
  note = {R package version 0.999-5},
  url = {https://CRAN.R-project.org/package=expm},
}
@Manual{R-fansi,
  title = {fansi: ANSI Control Sequence Aware String Functions},
  author = {Brodie Gaslam},
  year = {2020},
  note = {R package version 0.4.1},
  url = {https://CRAN.R-project.org/package=fansi},
}
@Manual{R-farver,
  title = {farver: High Performance Colour Space Manipulation},
  author = {Thomas Lin Pedersen and Berendea Nicolae and Romain François},
  year = {2020},
  note = {R package version 2.0.3},
  url = {https://CRAN.R-project.org/package=farver},
}
@Manual{R-fasterize,
  title = {fasterize: Fast Polygon to Raster Conversion},
  author = {Noam Ross},
  year = {2020},
  note = {R package version 1.0.2},
  url = {https://CRAN.R-project.org/package=fasterize},
}
@Manual{R-fastmap,
  title = {fastmap: Fast Implementation of a Key-Value Store},
  author = {Winston Chang},
  year = {2019},
  note = {R package version 1.0.1},
  url = {https://CRAN.R-project.org/package=fastmap},
}
@Manual{R-fmsb,
  title = {fmsb: Functions for Medical Statistics Book with some Demographic Data},
  author = {Minato Nakazawa},
  year = {2019},
  note = {R package version 0.7.0},
  url = {https://CRAN.R-project.org/package=fmsb},
}
@Manual{R-forcats,
  title = {forcats: Tools for Working with Categorical Variables (Factors)},
  author = {Hadley Wickham},
  year = {2020},
  note = {R package version 0.5.0},
  url = {https://CRAN.R-project.org/package=forcats},
}
@Manual{R-foreach,
  title = {foreach: Provides Foreach Looping Construct},
  author = {{Microsoft} and Steve Weston},
  year = {2020},
  note = {R package version 1.5.0},
  url = {https://CRAN.R-project.org/package=foreach},
}
@Manual{R-forecast,
  title = {forecast: Forecasting Functions for Time Series and Linear Models},
  author = {Rob Hyndman and George Athanasopoulos and Christoph Bergmeir and Gabriel Caceres and Leanne Chhay and Mitchell O'Hara-Wild and Fotios Petropoulos and Slava Razbash and Earo Wang and Farah Yasmeen},
  year = {2020},
  note = {R package version 8.11},
  url = {https://CRAN.R-project.org/package=forecast},
}
@Manual{R-fracdiff,
  title = {fracdiff: Fractionally Differenced ARIMA aka ARFIMA(P,d,q) Models},
  author = {Martin Maechler},
  year = {2020},
  note = {R package version 1.5-1},
  url = {https://CRAN.R-project.org/package=fracdiff},
}
@Manual{R-fs,
  title = {fs: Cross-Platform File System Operations Based on 'libuv'},
  author = {Jim Hester and Hadley Wickham},
  year = {2020},
  note = {R package version 1.3.2},
  url = {https://CRAN.R-project.org/package=fs},
}
@Manual{R-furrr,
  title = {furrr: Apply Mapping Functions in Parallel using Futures},
  author = {Davis Vaughan and Matt Dancho},
  year = {2018},
  note = {R package version 0.1.0},
  url = {https://CRAN.R-project.org/package=furrr},
}
@Manual{R-future,
  title = {future: Unified Parallel and Distributed Processing in R for Everyone},
  author = {Henrik Bengtsson},
  year = {2020},
  note = {R package version 1.16.0},
  url = {https://CRAN.R-project.org/package=future},
}
@Manual{R-gdalUtils,
  title = {gdalUtils: Wrappers for the Geospatial Data Abstraction Library (GDAL)
Utilities},
  author = {Jonathan Asher Greenberg and Matteo Mattiuzzi},
  year = {2020},
  note = {R package version 2.0.3.2},
  url = {https://CRAN.R-project.org/package=gdalUtils},
}
@Manual{R-gdata,
  title = {gdata: Various R Programming Tools for Data Manipulation},
  author = {Gregory R. Warnes and Ben Bolker and Gregor Gorjanc and Gabor Grothendieck and Ales Korosec and Thomas Lumley and Don MacQueen and Arni Magnusson and Jim Rogers and others},
  year = {2017},
  note = {R package version 2.18.0},
  url = {https://CRAN.R-project.org/package=gdata},
}
@Manual{R-generics,
  title = {generics: Common S3 Generics not Provided by Base R Methods Related to
Model Fitting},
  author = {Max Kuhn and Hadley Wickham and Davis Vaughan},
  year = {2018},
  note = {R package version 0.0.2},
  url = {https://CRAN.R-project.org/package=generics},
}
@Manual{R-geosphere,
  title = {geosphere: Spherical Trigonometry},
  author = {Robert J. Hijmans},
  year = {2019},
  note = {R package version 1.5-10},
  url = {https://CRAN.R-project.org/package=geosphere},
}
@Manual{R-gganimate,
  title = {gganimate: A Grammar of Animated Graphics},
  author = {Thomas Lin Pedersen and David Robinson},
  year = {2020},
  note = {R package version 1.0.5},
  url = {https://CRAN.R-project.org/package=gganimate},
}
@Manual{R-ggbiplot,
  title = {ggbiplot: A ggplot2 based biplot},
  author = {Vincent Q. Vu},
  year = {2011},
  note = {R package version 0.55},
  url = {http://github.com/vqv/ggbiplot},
}
@Manual{R-ggforce,
  title = {ggforce: Accelerating 'ggplot2'},
  author = {Thomas Lin Pedersen},
  year = {2019},
  note = {R package version 0.3.1},
  url = {https://CRAN.R-project.org/package=ggforce},
}
@Manual{R-ggmap,
  title = {ggmap: Spatial Visualization with ggplot2},
  author = {David Kahle and Hadley Wickham and Scott Jackson},
  year = {2019},
  note = {R package version 3.0.0},
  url = {https://CRAN.R-project.org/package=ggmap},
}
@Manual{R-ggnewscale,
  title = {ggnewscale: Multiple Fill and Colour Scales in 'ggplot2'},
  author = {Elio Campitelli},
  year = {2020},
  note = {R package version 0.4.1},
  url = {https://CRAN.R-project.org/package=ggnewscale},
}
@Manual{R-ggplot2,
  title = {ggplot2: Create Elegant Data Visualisations Using the Grammar of Graphics},
  author = {Hadley Wickham and Winston Chang and Lionel Henry and Thomas Lin Pedersen and Kohske Takahashi and Claus Wilke and Kara Woo and Hiroaki Yutani and Dewey Dunnington},
  year = {2020},
  note = {R package version 3.3.1},
  url = {https://CRAN.R-project.org/package=ggplot2},
}
@Manual{R-ggradar,
  title = {ggradar: Create radar charts using ggplot2},
  author = {Ricardo Bion},
  note = {R package version 0.2},
  year = {2020},
}
@Manual{R-ggridges,
  title = {ggridges: Ridgeline Plots in 'ggplot2'},
  author = {Claus O. Wilke},
  year = {2020},
  note = {R package version 0.5.2},
  url = {https://CRAN.R-project.org/package=ggridges},
}
@Manual{R-gifski,
  title = {gifski: Highest Quality GIF Encoder},
  author = {Jeroen Ooms},
  year = {2018},
  note = {R package version 0.8.6},
  url = {https://CRAN.R-project.org/package=gifski},
}
@Manual{R-globals,
  title = {globals: Identify Global Objects in R Expressions},
  author = {Henrik Bengtsson},
  year = {2019},
  note = {R package version 0.12.5},
  url = {https://CRAN.R-project.org/package=globals},
}
@Manual{R-glue,
  title = {glue: Interpreted String Literals},
  author = {Jim Hester},
  year = {2020},
  note = {R package version 1.4.1},
  url = {https://CRAN.R-project.org/package=glue},
}
@Manual{R-gmodels,
  title = {gmodels: Various R Programming Tools for Model Fitting},
  author = {Gregory R. Warnes and Ben Bolker and Thomas Lumley and Randall C Johnson. Contributions from Randall C. Johnson are Copyright SAIC-Frederick and Inc. Funded by the Intramural Research Program and of the NIH and National Cancer Institute and Center for Cancer Research under NCI Contract NO1-CO-12400.},
  year = {2018},
  note = {R package version 2.18.1},
  url = {https://CRAN.R-project.org/package=gmodels},
}
@Manual{R-gower,
  title = {gower: Gower's Distance},
  author = {Mark {van der Loo}},
  year = {2019},
  note = {R package version 0.2.1},
  url = {https://CRAN.R-project.org/package=gower},
}
@Manual{R-GPfit,
  title = {GPfit: Gaussian Processes Modeling},
  author = {Blake MacDoanld and Hugh Chipman and Pritam Ranjan},
  year = {2019},
  note = {R package version 1.0-8},
  url = {https://CRAN.R-project.org/package=GPfit},
}
@Manual{R-gplots,
  title = {gplots: Various R Programming Tools for Plotting Data},
  author = {Gregory R. Warnes and Ben Bolker and Lodewijk Bonebakker and Robert Gentleman and Wolfgang Huber and Andy Liaw and Thomas Lumley and Martin Maechler and Arni Magnusson and Steffen Moeller and Marc Schwartz and Bill Venables},
  year = {2020},
  note = {R package version 3.0.3},
  url = {https://CRAN.R-project.org/package=gplots},
}
@Manual{R-gridExtra,
  title = {gridExtra: Miscellaneous Functions for "Grid" Graphics},
  author = {Baptiste Auguie},
  year = {2017},
  note = {R package version 2.3},
  url = {https://CRAN.R-project.org/package=gridExtra},
}
@Manual{R-gtable,
  title = {gtable: Arrange 'Grobs' in Tables},
  author = {Hadley Wickham and Thomas Lin Pedersen},
  year = {2019},
  note = {R package version 0.3.0},
  url = {https://CRAN.R-project.org/package=gtable},
}
@Manual{R-gtools,
  title = {gtools: Various R Programming Tools},
  author = {Gregory R. Warnes and Ben Bolker and Thomas Lumley},
  year = {2020},
  note = {R package version 3.8.2},
  url = {https://CRAN.R-project.org/package=gtools},
}
@Manual{R-hardhat,
  title = {hardhat: Construct Modeling Packages},
  author = {Davis Vaughan and Max Kuhn},
  year = {2020},
  note = {R package version 0.1.2},
  url = {https://CRAN.R-project.org/package=hardhat},
}
@Manual{R-haven,
  title = {haven: Import and Export 'SPSS', 'Stata' and 'SAS' Files},
  author = {Hadley Wickham and Evan Miller},
  year = {2019},
  note = {R package version 2.2.0},
  url = {https://CRAN.R-project.org/package=haven},
}
@Manual{R-hexbin,
  title = {hexbin: Hexagonal Binning Routines},
  author = {Dan Carr and ported by Nicholas Lewin-Koh and Martin Maechler and contains copies of lattice functions written by Deepayan Sarkar},
  year = {2020},
  note = {R package version 1.28.1},
  url = {https://CRAN.R-project.org/package=hexbin},
}
@Manual{R-highr,
  title = {highr: Syntax Highlighting for R Source Code},
  author = {Yixuan Qiu and Yihui Xie},
  year = {2019},
  note = {R package version 0.8},
  url = {https://CRAN.R-project.org/package=highr},
}
@Manual{R-hms,
  title = {hms: Pretty Time of Day},
  author = {Kirill Müller},
  year = {2020},
  note = {R package version 0.5.3},
  url = {https://CRAN.R-project.org/package=hms},
}
@Manual{R-htmltools,
  title = {htmltools: Tools for HTML},
  author = {{RStudio} and {Inc.}},
  year = {2019},
  note = {R package version 0.4.0},
  url = {https://CRAN.R-project.org/package=htmltools},
}
@Manual{R-htmlwidgets,
  title = {htmlwidgets: HTML Widgets for R},
  author = {Ramnath Vaidyanathan and Yihui Xie and JJ Allaire and Joe Cheng and Kenton Russell},
  year = {2019},
  note = {R package version 1.5.1},
  url = {https://CRAN.R-project.org/package=htmlwidgets},
}
@Manual{R-httpuv,
  title = {httpuv: HTTP and WebSocket Server Library},
  author = {Joe Cheng and Hector Corrada Bravo and Jeroen Ooms and Winston Chang},
  year = {2019},
  note = {R package version 1.5.2},
  url = {https://CRAN.R-project.org/package=httpuv},
}
@Manual{R-httr,
  title = {httr: Tools for Working with URLs and HTTP},
  author = {Hadley Wickham},
  year = {2019},
  note = {R package version 1.4.1},
  url = {https://CRAN.R-project.org/package=httr},
}
@Manual{R-hunspell,
  title = {hunspell: High-Performance Stemmer, Tokenizer, and Spell Checker},
  author = {Jeroen Ooms},
  year = {2018},
  note = {R package version 3.0},
  url = {https://CRAN.R-project.org/package=hunspell},
}
@Manual{R-igraph,
  title = {igraph: Network Analysis and Visualization},
  author = {See AUTHORS file.},
  year = {2020},
  note = {R package version 1.2.5},
  url = {https://CRAN.R-project.org/package=igraph},
}
@Manual{R-infer,
  title = {infer: Tidy Statistical Inference},
  author = {Andrew Bray and Chester Ismay and Evgeni Chasnovski and Ben Baumer and Mine Cetinkaya-Rundel},
  year = {2019},
  note = {R package version 0.5.1},
  url = {https://CRAN.R-project.org/package=infer},
}
@Manual{R-inline,
  title = {inline: Functions to Inline C, C++, Fortran Function Calls from R},
  author = {Oleg Sklyar and Duncan Murdoch and Mike Smith and Dirk Eddelbuettel and Romain Francois and Karline Soetaert},
  year = {2018},
  note = {R package version 0.3.15},
  url = {https://CRAN.R-project.org/package=inline},
}
@Manual{R-ipred,
  title = {ipred: Improved Predictors},
  author = {Andrea Peters and Torsten Hothorn},
  year = {2019},
  note = {R package version 0.9-9},
  url = {https://CRAN.R-project.org/package=ipred},
}
@Manual{R-isoband,
  title = {isoband: Generate Isolines and Isobands from Regularly Spaced Elevation
Grids},
  author = {Claus O. Wilke},
  year = {2020},
  note = {R package version 0.2.1},
  url = {https://CRAN.R-project.org/package=isoband},
}
@Manual{R-ISOcodes,
  title = {ISOcodes: Selected ISO Codes},
  author = {Christian Buchta and Kurt Hornik},
  year = {2020},
  note = {R package version 2020.03.16},
  url = {https://CRAN.R-project.org/package=ISOcodes},
}
@Manual{R-iterators,
  title = {iterators: Provides Iterator Construct},
  author = {Revolution Analytics and Steve Weston},
  year = {2019},
  note = {R package version 1.0.12},
  url = {https://CRAN.R-project.org/package=iterators},
}
@Manual{R-janeaustenr,
  title = {janeaustenr: Jane Austen's Complete Novels},
  author = {Julia Silge},
  year = {2017},
  note = {R package version 0.1.5},
  url = {https://CRAN.R-project.org/package=janeaustenr},
}
@Manual{R-jpeg,
  title = {jpeg: Read and write JPEG images},
  author = {Simon Urbanek},
  year = {2019},
  note = {R package version 0.1-8.1},
  url = {https://CRAN.R-project.org/package=jpeg},
}
@Manual{R-jsonlite,
  title = {jsonlite: A Robust, High Performance JSON Parser and Generator for R},
  author = {Jeroen Ooms},
  year = {2020},
  note = {R package version 1.6.1},
  url = {https://CRAN.R-project.org/package=jsonlite},
}
@Manual{R-KernSmooth,
  title = {KernSmooth: Functions for Kernel Smoothing Supporting Wand \& Jones (1995)},
  author = {Matt Wand},
  year = {2015},
  note = {R package version 2.23-15},
  url = {https://CRAN.R-project.org/package=KernSmooth},
}
@Manual{R-knitr,
  title = {knitr: A General-Purpose Package for Dynamic Report Generation in R},
  author = {Yihui Xie},
  year = {2020},
  note = {R package version 1.28},
  url = {https://CRAN.R-project.org/package=knitr},
}
@Manual{R-labeling,
  title = {labeling: Axis Labeling},
  author = {Justin Talbot},
  year = {2014},
  note = {R package version 0.3},
  url = {https://CRAN.R-project.org/package=labeling},
}
@Manual{R-later,
  title = {later: Utilities for Scheduling Functions to Execute Later with Event
Loops},
  author = {Joe Cheng and Winston Chang},
  year = {2019},
  note = {R package version 1.0.0},
  url = {https://CRAN.R-project.org/package=later},
}
@Manual{R-lattice,
  title = {lattice: Trellis Graphics for R},
  author = {Deepayan Sarkar},
  year = {2018},
  note = {R package version 0.20-38},
  url = {https://CRAN.R-project.org/package=lattice},
}
@Manual{R-latticeExtra,
  title = {latticeExtra: Extra Graphical Utilities Based on Lattice},
  author = {Deepayan Sarkar and Felix Andrews},
  year = {2019},
  note = {R package version 0.6-29},
  url = {https://CRAN.R-project.org/package=latticeExtra},
}
@Manual{R-lava,
  title = {lava: Latent Variable Models},
  author = {Klaus K. Holst},
  year = {2020},
  note = {R package version 1.6.7},
  url = {https://CRAN.R-project.org/package=lava},
}
@Manual{R-lazyeval,
  title = {lazyeval: Lazy (Non-Standard) Evaluation},
  author = {Hadley Wickham},
  year = {2019},
  note = {R package version 0.2.2},
  url = {https://CRAN.R-project.org/package=lazyeval},
}
@Manual{R-LearnBayes,
  title = {LearnBayes: Functions for Learning Bayesian Inference},
  author = {Jim Albert},
  year = {2018},
  note = {R package version 2.15.1},
  url = {https://CRAN.R-project.org/package=LearnBayes},
}
@Manual{R-lhs,
  title = {lhs: Latin Hypercube Samples},
  author = {Rob Carnell},
  year = {2020},
  note = {R package version 1.0.2},
  url = {https://CRAN.R-project.org/package=lhs},
}
@Manual{R-lifecycle,
  title = {lifecycle: Manage the Life Cycle of your Package Functions},
  author = {Lionel Henry},
  year = {2020},
  note = {R package version 0.2.0},
  url = {https://CRAN.R-project.org/package=lifecycle},
}
@Manual{R-listenv,
  title = {listenv: Environments Behaving (Almost) as Lists},
  author = {Henrik Bengtsson},
  year = {2019},
  note = {R package version 0.8.0},
  url = {https://CRAN.R-project.org/package=listenv},
}
@Manual{R-lme4,
  title = {lme4: Linear Mixed-Effects Models using 'Eigen' and S4},
  author = {Douglas Bates and Martin Maechler and Ben Bolker and Steven Walker},
  year = {2020},
  note = {R package version 1.1-23},
  url = {https://CRAN.R-project.org/package=lme4},
}
@Manual{R-lmtest,
  title = {lmtest: Testing Linear Regression Models},
  author = {Torsten Hothorn and Achim Zeileis and Richard W. Farebrother and Clint Cummins},
  year = {2019},
  note = {R package version 0.9-37},
  url = {https://CRAN.R-project.org/package=lmtest},
}
@Manual{R-loo,
  title = {loo: Efficient Leave-One-Out Cross-Validation and WAIC for Bayesian
Models},
  author = {Aki Vehtari and Jonah Gabry and Mans Magnusson and Yuling Yao and Andrew Gelman},
  year = {2019},
  note = {R package version 2.2.0},
  url = {https://CRAN.R-project.org/package=loo},
}
@Manual{R-lpSolve,
  title = {lpSolve: Interface to 'Lp_solve' v. 5.5 to Solve Linear/Integer Programs},
  author = {Michel Berkelaar and others},
  year = {2020},
  note = {R package version 5.6.15},
  url = {https://CRAN.R-project.org/package=lpSolve},
}
@Manual{R-lubridate,
  title = {lubridate: Make Dealing with Dates a Little Easier},
  author = {Vitalie Spinu and Garrett Grolemund and Hadley Wickham},
  year = {2020},
  note = {R package version 1.7.8},
  url = {https://CRAN.R-project.org/package=lubridate},
}
@Manual{R-lwgeom,
  title = {lwgeom: Bindings to Selected 'liblwgeom' Functions for Simple Features},
  author = {Edzer Pebesma},
  year = {2020},
  note = {R package version 0.2-3},
  url = {https://CRAN.R-project.org/package=lwgeom},
}
@Manual{R-magick,
  title = {magick: Advanced Graphics and Image-Processing in R},
  author = {Jeroen Ooms},
  year = {2020},
  note = {R package version 2.3},
  url = {https://CRAN.R-project.org/package=magick},
}
@Manual{R-magrittr,
  title = {magrittr: A Forward-Pipe Operator for R},
  author = {Stefan Milton Bache and Hadley Wickham},
  year = {2014},
  note = {R package version 1.5},
  url = {https://CRAN.R-project.org/package=magrittr},
}
@Manual{R-markdown,
  title = {markdown: Render Markdown with the C Library 'Sundown'},
  author = {JJ Allaire and Jeffrey Horner and Yihui Xie and Vicent Marti and Natacha Porte},
  year = {2019},
  note = {R package version 1.1},
  url = {https://CRAN.R-project.org/package=markdown},
}
@Manual{R-MASS,
  title = {MASS: Support Functions and Datasets for Venables and Ripley's MASS},
  author = {Brian Ripley},
  year = {2019},
  note = {R package version 7.3-51.4},
  url = {https://CRAN.R-project.org/package=MASS},
}
@Manual{R-Matrix,
  title = {Matrix: Sparse and Dense Matrix Classes and Methods},
  author = {Douglas Bates and Martin Maechler},
  year = {2019},
  note = {R package version 1.2-17},
  url = {https://CRAN.R-project.org/package=Matrix},
}
@Manual{R-matrixStats,
  title = {matrixStats: Functions that Apply to Rows and Columns of Matrices (and to
Vectors)},
  author = {Henrik Bengtsson},
  year = {2020},
  note = {R package version 0.56.0},
  url = {https://CRAN.R-project.org/package=matrixStats},
}
@Manual{R-memoise,
  title = {memoise: Memoisation of Functions},
  author = {Hadley Wickham and Jim Hester and Kirill Müller and Daniel Cook},
  year = {2017},
  note = {R package version 1.1.0},
  url = {https://CRAN.R-project.org/package=memoise},
}
@Manual{R-mgcv,
  title = {mgcv: Mixed GAM Computation Vehicle with Automatic Smoothness
Estimation},
  author = {Simon Wood},
  year = {2019},
  note = {R package version 1.8-28},
  url = {https://CRAN.R-project.org/package=mgcv},
}
@Manual{R-mime,
  title = {mime: Map Filenames to MIME Types},
  author = {Yihui Xie},
  year = {2020},
  note = {R package version 0.9},
  url = {https://CRAN.R-project.org/package=mime},
}
@Manual{R-miniUI,
  title = {miniUI: Shiny UI Widgets for Small Screens},
  author = {Joe Cheng},
  year = {2018},
  note = {R package version 0.1.1.1},
  url = {https://CRAN.R-project.org/package=miniUI},
}
@Manual{R-minqa,
  title = {minqa: Derivative-free optimization algorithms by quadratic
approximation},
  author = {Douglas Bates and Katharine M. Mullen and John C. Nash and Ravi Varadhan},
  year = {2014},
  note = {R package version 1.2.4},
  url = {https://CRAN.R-project.org/package=minqa},
}
@Manual{R-ModelMetrics,
  title = {ModelMetrics: Rapid Calculation of Model Metrics},
  author = {Tyler Hunt},
  year = {2020},
  note = {R package version 1.2.2.2},
  url = {https://CRAN.R-project.org/package=ModelMetrics},
}
@Manual{R-modelr,
  title = {modelr: Modelling Functions that Work with the Pipe},
  author = {Hadley Wickham},
  year = {2020},
  note = {R package version 0.1.6},
  url = {https://CRAN.R-project.org/package=modelr},
}
@Manual{R-munsell,
  title = {munsell: Utilities for Using Munsell Colours},
  author = {Charlotte Wickham},
  year = {2018},
  note = {R package version 0.5.0},
  url = {https://CRAN.R-project.org/package=munsell},
}
@Manual{R-nlme,
  title = {nlme: Linear and Nonlinear Mixed Effects Models},
  author = {José Pinheiro and Douglas Bates and {R-core}},
  year = {2019},
  note = {R package version 3.1-141},
  url = {https://CRAN.R-project.org/package=nlme},
}
@Manual{R-nloptr,
  title = {nloptr: R Interface to NLopt},
  author = {Jelmer Ypma and Steven G. Johnson},
  year = {2020},
  note = {R package version 1.2.2.1},
  url = {https://CRAN.R-project.org/package=nloptr},
}
@Manual{R-nnet,
  title = {nnet: Feed-Forward Neural Networks and Multinomial Log-Linear Models},
  author = {Brian Ripley},
  year = {2016},
  note = {R package version 7.3-12},
  url = {https://CRAN.R-project.org/package=nnet},
}
@Manual{R-normalr,
  title = {normalr: Normalisation of Multiple Variables in Large-Scale Datasets},
  author = {Kevin Chang and Matthew Courtney},
  year = {2018},
  note = {R package version 1.0.0},
  url = {https://CRAN.R-project.org/package=normalr},
}
@Manual{R-numDeriv,
  title = {numDeriv: Accurate Numerical Derivatives},
  author = {Paul Gilbert and Ravi Varadhan},
  year = {2019},
  note = {R package version 2016.8-1.1},
  url = {https://CRAN.R-project.org/package=numDeriv},
}
@Manual{R-openssl,
  title = {openssl: Toolkit for Encryption, Signatures and Certificates Based on
OpenSSL},
  author = {Jeroen Ooms},
  year = {2019},
  note = {R package version 1.4.1},
  url = {https://CRAN.R-project.org/package=openssl},
}
@Manual{R-packrat,
  title = {packrat: A Dependency Management System for Projects and their R Package
Dependencies},
  author = {Kevin Ushey and Jonathan McPherson and Joe Cheng and Aron Atkins and JJ Allaire},
  year = {2018},
  note = {R package version 0.5.0},
  url = {https://CRAN.R-project.org/package=packrat},
}
@Manual{R-parsnip,
  title = {parsnip: A Common API to Modeling and Analysis Functions},
  author = {Max Kuhn and Davis Vaughan},
  year = {2020},
  note = {R package version 0.1.0},
  url = {https://CRAN.R-project.org/package=parsnip},
}
@Manual{R-patchwork,
  title = {patchwork: The Composer of Plots},
  author = {Thomas Lin Pedersen},
  year = {2019},
  note = {R package version 1.0.0},
  url = {https://CRAN.R-project.org/package=patchwork},
}
@Manual{R-permute,
  title = {permute: Functions for Generating Restricted Permutations of Data},
  author = {Gavin L. Simpson},
  year = {2019},
  note = {R package version 0.9-5},
  url = {https://CRAN.R-project.org/package=permute},
}
@Manual{R-pillar,
  title = {pillar: Coloured Formatting for Columns},
  author = {Kirill Müller and Hadley Wickham},
  year = {2020},
  note = {R package version 1.4.4},
  url = {https://CRAN.R-project.org/package=pillar},
}
@Manual{R-pkgbuild,
  title = {pkgbuild: Find Tools Needed to Build R Packages},
  author = {Hadley Wickham and Jim Hester},
  year = {2020},
  note = {R package version 1.0.8},
  url = {https://CRAN.R-project.org/package=pkgbuild},
}
@Manual{R-pkgconfig,
  title = {pkgconfig: Private Configuration for 'R' Packages},
  author = {Gábor Csárdi},
  year = {2019},
  note = {R package version 2.0.3},
  url = {https://CRAN.R-project.org/package=pkgconfig},
}
@Manual{R-pkgload,
  title = {pkgload: Simulate Package Installation and Attach},
  author = {Hadley Wickham and Jim Hester and Winston Chang},
  year = {2018},
  note = {R package version 1.0.2},
  url = {https://CRAN.R-project.org/package=pkgload},
}
@Manual{R-plogr,
  title = {plogr: The 'plog' C++ Logging Library},
  author = {Kirill Müller},
  year = {2018},
  note = {R package version 0.2.0},
  url = {https://CRAN.R-project.org/package=plogr},
}
@Manual{R-plyr,
  title = {plyr: Tools for Splitting, Applying and Combining Data},
  author = {Hadley Wickham},
  year = {2020},
  note = {R package version 1.8.6},
  url = {https://CRAN.R-project.org/package=plyr},
}
@Manual{R-png,
  title = {png: Read and write PNG images},
  author = {Simon Urbanek},
  year = {2013},
  note = {R package version 0.1-7},
  url = {https://CRAN.R-project.org/package=png},
}
@Manual{R-polyclip,
  title = {polyclip: Polygon Clipping},
  author = {Angus Johnson and Adrian Baddeley},
  year = {2019},
  note = {R package version 1.10-0},
  url = {https://CRAN.R-project.org/package=polyclip},
}
@Manual{R-praise,
  title = {praise: Praise Users},
  author = {Gabor Csardi and Sindre Sorhus},
  year = {2015},
  note = {R package version 1.0.0},
  url = {https://CRAN.R-project.org/package=praise},
}
@Manual{R-prettyunits,
  title = {prettyunits: Pretty, Human Readable Formatting of Quantities},
  author = {Gabor Csardi},
  year = {2020},
  note = {R package version 1.1.1},
  url = {https://CRAN.R-project.org/package=prettyunits},
}
@Manual{R-pROC,
  title = {pROC: Display and Analyze ROC Curves},
  author = {Xavier Robin and Natacha Turck and Alexandre Hainard and Natalia Tiberti and Frédérique Lisacek and Jean-Charles Sanchez and Markus Müller},
  year = {2020},
  note = {R package version 1.16.2},
  url = {https://CRAN.R-project.org/package=pROC},
}
@Manual{R-processx,
  title = {processx: Execute and Control System Processes},
  author = {Gábor Csárdi and Winston Chang},
  year = {2020},
  note = {R package version 3.4.2},
  url = {https://CRAN.R-project.org/package=processx},
}
@Manual{R-prodlim,
  title = {prodlim: Product-Limit Estimation for Censored Event History Analysis},
  author = {Thomas A. Gerds},
  year = {2019},
  note = {R package version 2019.11.13},
  url = {https://CRAN.R-project.org/package=prodlim},
}
@Manual{R-progress,
  title = {progress: Terminal Progress Bars},
  author = {Gábor Csárdi and Rich FitzJohn},
  year = {2019},
  note = {R package version 1.2.2},
  url = {https://CRAN.R-project.org/package=progress},
}
@Manual{R-promises,
  title = {promises: Abstractions for Promise-Based Asynchronous Programming},
  author = {Joe Cheng},
  year = {2019},
  note = {R package version 1.1.0},
  url = {https://CRAN.R-project.org/package=promises},
}
@Manual{R-ps,
  title = {ps: List, Query, Manipulate System Processes},
  author = {Jay Loden and Dave Daeschler and Giampaolo Rodola' and Gábor Csárdi},
  year = {2020},
  note = {R package version 1.3.3},
  url = {https://CRAN.R-project.org/package=ps},
}
@Manual{R-purrr,
  title = {purrr: Functional Programming Tools},
  author = {Lionel Henry and Hadley Wickham},
  year = {2020},
  note = {R package version 0.3.4},
  url = {https://CRAN.R-project.org/package=purrr},
}
@Manual{R-quadprog,
  title = {quadprog: Functions to Solve Quadratic Programming Problems},
  author = {S original by Berwin A. Turlach R port by Andreas Weingessel <Andreas.Weingessel@ci.tuwien.ac.at> Fortran contributions from Cleve Moler dpodi/LINPACK)},
  year = {2019},
  note = {R package version 1.5-8},
  url = {https://CRAN.R-project.org/package=quadprog},
}
@Manual{R-quantmod,
  title = {quantmod: Quantitative Financial Modelling Framework},
  author = {Jeffrey A. Ryan and Joshua M. Ulrich},
  year = {2020},
  note = {R package version 0.4-16},
  url = {https://CRAN.R-project.org/package=quantmod},
}
@Manual{R-R.methodsS3,
  title = {R.methodsS3: S3 Methods Simplified},
  author = {Henrik Bengtsson},
  year = {2020},
  note = {R package version 1.8.0},
  url = {https://CRAN.R-project.org/package=R.methodsS3},
}
@Manual{R-R.oo,
  title = {R.oo: R Object-Oriented Programming with or without References},
  author = {Henrik Bengtsson},
  year = {2019},
  note = {R package version 1.23.0},
  url = {https://CRAN.R-project.org/package=R.oo},
}
@Manual{R-R.utils,
  title = {R.utils: Various Programming Utilities},
  author = {Henrik Bengtsson},
  year = {2019},
  note = {R package version 2.9.2},
  url = {https://CRAN.R-project.org/package=R.utils},
}
@Manual{R-R6,
  title = {R6: Encapsulated Classes with Reference Semantics},
  author = {Winston Chang},
  year = {2019},
  note = {R package version 2.4.1},
  url = {https://CRAN.R-project.org/package=R6},
}
@Manual{R-ranger,
  title = {ranger: A Fast Implementation of Random Forests},
  author = {Marvin N. Wright and Stefan Wager and Philipp Probst},
  year = {2020},
  note = {R package version 0.12.1},
  url = {https://CRAN.R-project.org/package=ranger},
}
@Manual{R-raster,
  title = {raster: Geographic Data Analysis and Modeling},
  author = {Robert J. Hijmans},
  year = {2020},
  note = {R package version 3.1-5},
  url = {https://CRAN.R-project.org/package=raster},
}
@Manual{R-rasterVis,
  title = {rasterVis: Visualization Methods for Raster Data},
  author = {Oscar {Perpinan Lamigueiro} and Robert Hijmans},
  year = {2019},
  note = {R package version 0.47},
  url = {https://CRAN.R-project.org/package=rasterVis},
}
@Manual{R-RColorBrewer,
  title = {RColorBrewer: ColorBrewer Palettes},
  author = {Erich Neuwirth},
  year = {2014},
  note = {R package version 1.1-2},
  url = {https://CRAN.R-project.org/package=RColorBrewer},
}
@Manual{R-Rcpp,
  title = {Rcpp: Seamless R and C++ Integration},
  author = {Dirk Eddelbuettel and Romain Francois and JJ Allaire and Kevin Ushey and Qiang Kou and Nathan Russell and Douglas Bates and John Chambers},
  year = {2020},
  note = {R package version 1.0.4.6},
  url = {https://CRAN.R-project.org/package=Rcpp},
}
@Manual{R-RcppArmadillo,
  title = {RcppArmadillo: 'Rcpp' Integration for the 'Armadillo' Templated Linear Algebra
Library},
  author = {Dirk Eddelbuettel and Romain Francois and Doug Bates and Binxiang Ni},
  year = {2020},
  note = {R package version 0.9.870.2.0},
  url = {https://CRAN.R-project.org/package=RcppArmadillo},
}
@Manual{R-RcppEigen,
  title = {RcppEigen: 'Rcpp' Integration for the 'Eigen' Templated Linear Algebra
Library},
  author = {Douglas Bates and Dirk Eddelbuettel and Romain Francois and Yixuan Qiu; the authors of Eigen for the included version of Eigen},
  year = {2019},
  note = {R package version 0.3.3.7.0},
  url = {https://CRAN.R-project.org/package=RcppEigen},
}
@Manual{R-RcppParallel,
  title = {RcppParallel: Parallel Programming Tools for 'Rcpp'},
  author = {JJ Allaire and Romain Francois and Kevin Ushey and Gregory Vandenbrouck and Marcus Geelnard and {Intel}},
  year = {2020},
  note = {R package version 5.0.0},
  url = {https://CRAN.R-project.org/package=RcppParallel},
}
@Manual{R-readr,
  title = {readr: Read Rectangular Text Data},
  author = {Hadley Wickham and Jim Hester and Romain Francois},
  year = {2018},
  note = {R package version 1.3.1},
  url = {https://CRAN.R-project.org/package=readr},
}
@Manual{R-readxl,
  title = {readxl: Read Excel Files},
  author = {Hadley Wickham and Jennifer Bryan},
  year = {2019},
  note = {R package version 1.3.1},
  url = {https://CRAN.R-project.org/package=readxl},
}
@Manual{R-recipes,
  title = {recipes: Preprocessing Tools to Create Design Matrices},
  author = {Max Kuhn and Hadley Wickham},
  year = {2020},
  note = {R package version 0.1.10},
  url = {https://CRAN.R-project.org/package=recipes},
}
@Manual{R-rematch,
  title = {rematch: Match Regular Expressions with a Nicer 'API'},
  author = {Gabor Csardi},
  year = {2016},
  note = {R package version 1.0.1},
  url = {https://CRAN.R-project.org/package=rematch},
}
@Manual{R-renv,
  title = {renv: Project Environments},
  author = {Kevin Ushey},
  year = {2020},
  note = {R package version 0.10.0},
  url = {https://CRAN.R-project.org/package=renv},
}
@Manual{R-reprex,
  title = {reprex: Prepare Reproducible Example Code via the Clipboard},
  author = {Jennifer Bryan and Jim Hester and David Robinson and Hadley Wickham},
  year = {2019},
  note = {R package version 0.3.0},
  url = {https://CRAN.R-project.org/package=reprex},
}
@Manual{R-reshape2,
  title = {reshape2: Flexibly Reshape Data: A Reboot of the Reshape Package},
  author = {Hadley Wickham},
  year = {2017},
  note = {R package version 1.4.3},
  url = {https://CRAN.R-project.org/package=reshape2},
}
@Manual{R-rgdal,
  title = {rgdal: Bindings for the 'Geospatial' Data Abstraction Library},
  author = {Roger Bivand and Tim Keitt and Barry Rowlingson},
  year = {2019},
  note = {R package version 1.4-8},
  url = {https://CRAN.R-project.org/package=rgdal},
}
@Manual{R-rgeos,
  title = {rgeos: Interface to Geometry Engine - Open Source ('GEOS')},
  author = {Roger Bivand and Colin Rundel},
  year = {2019},
  note = {R package version 0.5-2},
  url = {https://CRAN.R-project.org/package=rgeos},
}
@Manual{R-RgoogleMaps,
  title = {RgoogleMaps: Overlays on Static Maps},
  author = {Markus Loecher},
  year = {2020},
  note = {R package version 1.4.5.3},
  url = {https://CRAN.R-project.org/package=RgoogleMaps},
}
@Manual{R-rgrass7,
  title = {rgrass7: Interface Between GRASS 7 Geographical Information System and R},
  author = {Roger Bivand},
  year = {2019},
  note = {R package version 0.2-1},
  url = {https://CRAN.R-project.org/package=rgrass7},
}
@Manual{R-rgrassdoc,
  title = {rgrassdoc: Consult 'GRASS GIS' documentation in the RStudio viewer pane},
  author = {Valentin Lucet},
  year = {2020},
  note = {R package version 0.1.3},
}
@Manual{R-rjson,
  title = {rjson: JSON for R},
  author = {Alex Couture-Beil},
  year = {2018},
  note = {R package version 0.2.20},
  url = {https://CRAN.R-project.org/package=rjson},
}
@Manual{R-rlang,
  title = {rlang: Functions for Base Types and Core R and 'Tidyverse' Features},
  author = {Lionel Henry and Hadley Wickham},
  year = {2020},
  note = {R package version 0.4.6},
  url = {https://CRAN.R-project.org/package=rlang},
}
@Manual{R-rlist,
  title = {rlist: A Toolbox for Non-Tabular Data Manipulation},
  author = {Kun Ren},
  year = {2016},
  note = {R package version 0.4.6.1},
  url = {https://CRAN.R-project.org/package=rlist},
}
@Manual{R-rmarkdown,
  title = {rmarkdown: Dynamic Documents for R},
  author = {JJ Allaire and Yihui Xie and Jonathan McPherson and Javier Luraschi and Kevin Ushey and Aron Atkins and Hadley Wickham and Joe Cheng and Winston Chang and Richard Iannone},
  year = {2020},
  note = {R package version 2.1},
  url = {https://CRAN.R-project.org/package=rmarkdown},
}
@Manual{R-ROCR,
  title = {ROCR: Visualizing the Performance of Scoring Classifiers},
  author = {Tobias Sing and Oliver Sander and Niko Beerenwinkel and Thomas Lengauer},
  year = {2015},
  note = {R package version 1.0-7},
  url = {https://CRAN.R-project.org/package=ROCR},
}
@Manual{R-rpart,
  title = {rpart: Recursive Partitioning and Regression Trees},
  author = {Terry Therneau and Beth Atkinson},
  year = {2019},
  note = {R package version 4.1-15},
  url = {https://CRAN.R-project.org/package=rpart},
}
@Manual{R-rprojroot,
  title = {rprojroot: Finding Files in Project Subdirectories},
  author = {Kirill Müller},
  year = {2018},
  note = {R package version 1.3-2},
  url = {https://CRAN.R-project.org/package=rprojroot},
}
@Manual{R-rsample,
  title = {rsample: General Resampling Infrastructure},
  author = {Max Kuhn and Fanny Chow and Hadley Wickham},
  year = {2019},
  note = {R package version 0.0.5},
  url = {https://CRAN.R-project.org/package=rsample},
}
@Manual{R-rsconnect,
  title = {rsconnect: Deployment Interface for R Markdown Documents and Shiny
Applications},
  author = {JJ Allaire},
  year = {2019},
  note = {R package version 0.8.16},
  url = {https://CRAN.R-project.org/package=rsconnect},
}
@Manual{R-RSQLite,
  title = {RSQLite: 'SQLite' Interface for R},
  author = {Kirill Müller and Hadley Wickham and David A. James and Seth Falcon},
  year = {2020},
  note = {R package version 2.2.0},
  url = {https://CRAN.R-project.org/package=RSQLite},
}
@Manual{R-rstan,
  title = {rstan: R Interface to Stan},
  author = {Jiqiang Guo and Jonah Gabry and Ben Goodrich},
  year = {2020},
  note = {R package version 2.19.3},
  url = {https://CRAN.R-project.org/package=rstan},
}
@Manual{R-rstanarm,
  title = {rstanarm: Bayesian Applied Regression Modeling via Stan},
  author = {Jonah Gabry and Ben Goodrich},
  year = {2020},
  note = {R package version 2.19.3},
  url = {https://CRAN.R-project.org/package=rstanarm},
}
@Manual{R-rstantools,
  title = {rstantools: Tools for Developing R Packages Interfacing with 'Stan'},
  author = {Jonah Gabry and Ben Goodrich and Martin Lysy},
  year = {2019},
  note = {R package version 2.0.0},
  url = {https://CRAN.R-project.org/package=rstantools},
}
@Manual{R-RStoolbox,
  title = {RStoolbox: Tools for Remote Sensing Data Analysis},
  author = {Benjamin Leutner and Ned Horning and Jakob Schwalb-Willmann},
  year = {2019},
  note = {R package version 0.2.6},
  url = {https://CRAN.R-project.org/package=RStoolbox},
}
@Manual{R-rstudioapi,
  title = {rstudioapi: Safely Access the RStudio API},
  author = {Kevin Ushey and JJ Allaire and Hadley Wickham and Gary Ritchie},
  year = {2020},
  note = {R package version 0.11},
  url = {https://CRAN.R-project.org/package=rstudioapi},
}
@Manual{R-rsyncrosim,
  title = {rsyncrosim: The R Interface to 'SyncroSim'},
  author = {Colin Daniel and Josie Hughes and Alex Embrey and Leonardo Frid and Valentin Lucet},
  year = {2020},
  note = {R package version 1.2.4},
  url = {https://CRAN.R-project.org/package=rsyncrosim},
}
@Manual{R-rvest,
  title = {rvest: Easily Harvest (Scrape) Web Pages},
  author = {Hadley Wickham},
  year = {2019},
  note = {R package version 0.3.5},
  url = {https://CRAN.R-project.org/package=rvest},
}
@Manual{R-sandwich,
  title = {sandwich: Robust Covariance Matrix Estimators},
  author = {Achim Zeileis and Thomas Lumley},
  year = {2019},
  note = {R package version 2.5-1},
  url = {https://CRAN.R-project.org/package=sandwich},
}
@Manual{R-scales,
  title = {scales: Scale Functions for Visualization},
  author = {Hadley Wickham and Dana Seidel},
  year = {2020},
  note = {R package version 1.1.1},
  url = {https://CRAN.R-project.org/package=scales},
}
@Manual{R-SDMTools,
  title = {SDMTools: Species Distribution Modelling Tools: Tools for processing data
associated with species distribution modelling exercises},
  author = {Jeremy VanDerWal and Lorena Falconi and Stephanie Januchowski and Luke Shoo and Collin Storlie},
  year = {2019},
  note = {R package version 1.1-221.2},
  url = {https://CRAN.R-project.org/package=SDMTools},
}
@Manual{R-selectr,
  title = {selectr: Translate CSS Selectors to XPath Expressions},
  author = {Simon Potter and Simon Sapin and Ian Bicking},
  year = {2019},
  note = {R package version 0.4-2},
  url = {https://CRAN.R-project.org/package=selectr},
}
@Manual{R-sf,
  title = {sf: Simple Features for R},
  author = {Edzer Pebesma},
  year = {2020},
  note = {R package version 0.9-0},
  url = {https://CRAN.R-project.org/package=sf},
}
@Manual{R-shiny,
  title = {shiny: Web Application Framework for R},
  author = {Winston Chang and Joe Cheng and JJ Allaire and Yihui Xie and Jonathan McPherson},
  year = {2020},
  note = {R package version 1.4.0.2},
  url = {https://CRAN.R-project.org/package=shiny},
}
@Manual{R-shinyjs,
  title = {shinyjs: Easily Improve the User Experience of Your Shiny Apps in Seconds},
  author = {Dean Attali},
  year = {2020},
  note = {R package version 1.1},
  url = {https://CRAN.R-project.org/package=shinyjs},
}
@Manual{R-shinystan,
  title = {shinystan: Interactive Visual and Numerical Diagnostics and Posterior
Analysis for Bayesian Models},
  author = {Jonah Gabry},
  year = {2018},
  note = {R package version 2.5.0},
  url = {https://CRAN.R-project.org/package=shinystan},
}
@Manual{R-shinythemes,
  title = {shinythemes: Themes for Shiny},
  author = {Winston Chang},
  year = {2018},
  note = {R package version 1.1.2},
  url = {https://CRAN.R-project.org/package=shinythemes},
}
@Manual{R-SnowballC,
  title = {SnowballC: Snowball Stemmers Based on the C 'libstemmer' UTF-8 Library},
  author = {Milan Bouchet-Valat},
  year = {2019},
  note = {R package version 0.6.0},
  url = {https://CRAN.R-project.org/package=SnowballC},
}
@Manual{R-sourcetools,
  title = {sourcetools: Tools for Reading, Tokenizing and Parsing R Code},
  author = {Kevin Ushey},
  year = {2018},
  note = {R package version 0.1.7},
  url = {https://CRAN.R-project.org/package=sourcetools},
}
@Manual{R-sp,
  title = {sp: Classes and Methods for Spatial Data},
  author = {Edzer Pebesma and Roger Bivand},
  year = {2020},
  note = {R package version 1.4-1},
  url = {https://CRAN.R-project.org/package=sp},
}
@Manual{R-spData,
  title = {spData: Datasets for Spatial Analysis},
  author = {Roger Bivand and Jakub Nowosad and Robin Lovelace},
  year = {2020},
  note = {R package version 0.3.8},
  url = {https://CRAN.R-project.org/package=spData},
}
@Manual{R-spdep,
  title = {spdep: Spatial Dependence: Weighting Schemes, Statistics},
  author = {Roger Bivand},
  year = {2020},
  note = {R package version 1.1-5},
  url = {https://CRAN.R-project.org/package=spdep},
}
@Manual{R-SQUAREM,
  title = {SQUAREM: Squared Extrapolation Methods for Accelerating EM-Like Monotone
Algorithms},
  author = {Ravi Varadhan},
  year = {2020},
  note = {R package version 2020.2},
  url = {https://CRAN.R-project.org/package=SQUAREM},
}
@Manual{R-StanHeaders,
  title = {StanHeaders: C++ Header Files for Stan},
  author = {Ben Goodrich and Andrew Gelman and Bob Carpenter and Matt Hoffman and Daniel Lee and Michael Betancourt and Marcus Brubaker and Jiqiang Guo and Peter Li and Allen Riddell and Marco Inacio and Mitzi Morris and Jeffrey Arnold and Rob Goedman and Brian Lau and Rob Trangucci and Jonah Gabry and Alp Kucukelbir and Robert Grant and Dustin Tran and Michael Malecki and Yuanjun Gao},
  year = {2020},
  note = {R package version 2.19.2},
  url = {https://CRAN.R-project.org/package=StanHeaders},
}
@Manual{R-statmod,
  title = {statmod: Statistical Modeling},
  author = {Gordon Smyth and Yifang Hu and Peter Dunn and Belinda Phipson and Yunshun Chen},
  year = {2020},
  note = {R package version 1.4.34},
  url = {https://CRAN.R-project.org/package=statmod},
}
@Manual{R-stopwords,
  title = {stopwords: Multilingual Stopword Lists},
  author = {Kenneth Benoit and David Muhr and Kohei Watanabe},
  year = {2019},
  note = {R package version 1.0},
  url = {https://CRAN.R-project.org/package=stopwords},
}
@Manual{R-stringi,
  title = {stringi: Character String Processing Facilities},
  author = {Marek Gagolewski and Bartek Tartanus and other contributors; IBM and {Unicode} and {Inc.} and other contributors; Unicode and {Inc.}},
  year = {2020},
  note = {R package version 1.4.6},
  url = {https://CRAN.R-project.org/package=stringi},
}
@Manual{R-stringr,
  title = {stringr: Simple, Consistent Wrappers for Common String Operations},
  author = {Hadley Wickham},
  year = {2019},
  note = {R package version 1.4.0},
  url = {https://CRAN.R-project.org/package=stringr},
}
@Manual{R-strucchange,
  title = {strucchange: Testing, Monitoring, and Dating Structural Changes},
  author = {Achim Zeileis and Friedrich Leisch and Kurt Hornik and Christian Kleiber},
  year = {2019},
  note = {R package version 1.5-2},
  url = {https://CRAN.R-project.org/package=strucchange},
}
@Manual{R-survival,
  title = {survival: Survival Analysis},
  author = {Terry M Therneau},
  year = {2020},
  note = {R package version 3.1-11},
  url = {https://CRAN.R-project.org/package=survival},
}
@Manual{R-sys,
  title = {sys: Powerful and Reliable Tools for Running System Commands in R},
  author = {Jeroen Ooms},
  year = {2019},
  note = {R package version 3.3},
  url = {https://CRAN.R-project.org/package=sys},
}
@Manual{R-testthat,
  title = {testthat: Unit Testing for R},
  author = {Hadley Wickham},
  year = {2020},
  note = {R package version 2.3.2},
  url = {https://CRAN.R-project.org/package=testthat},
}
@Manual{R-threejs,
  title = {threejs: Interactive 3D Scatter Plots, Networks and Globes},
  author = {B. W. Lewis},
  year = {2020},
  note = {R package version 0.3.3},
  url = {https://CRAN.R-project.org/package=threejs},
}
@Manual{R-tibble,
  title = {tibble: Simple Data Frames},
  author = {Kirill Müller and Hadley Wickham},
  year = {2020},
  note = {R package version 3.0.1},
  url = {https://CRAN.R-project.org/package=tibble},
}
@Manual{R-tidymodels,
  title = {tidymodels: Easily Install and Load the 'Tidymodels' Packages},
  author = {Max Kuhn and Hadley Wickham},
  year = {2020},
  note = {R package version 0.1.0},
  url = {https://CRAN.R-project.org/package=tidymodels},
}
@Manual{R-tidyposterior,
  title = {tidyposterior: Bayesian Analysis to Compare Models using Resampling Statistics},
  author = {Max Kuhn},
  year = {2018},
  note = {R package version 0.0.2},
  url = {https://CRAN.R-project.org/package=tidyposterior},
}
@Manual{R-tidypredict,
  title = {tidypredict: Run Predictions Inside the Database},
  author = {Max Kuhn},
  year = {2020},
  note = {R package version 0.4.5},
  url = {https://CRAN.R-project.org/package=tidypredict},
}
@Manual{R-tidyr,
  title = {tidyr: Tidy Messy Data},
  author = {Hadley Wickham and Lionel Henry},
  year = {2020},
  note = {R package version 1.0.2},
  url = {https://CRAN.R-project.org/package=tidyr},
}
@Manual{R-tidyselect,
  title = {tidyselect: Select from a Set of Strings},
  author = {Lionel Henry and Hadley Wickham},
  year = {2020},
  note = {R package version 1.1.0},
  url = {https://CRAN.R-project.org/package=tidyselect},
}
@Manual{R-tidytext,
  title = {tidytext: Text Mining using 'dplyr', 'ggplot2', and Other Tidy Tools},
  author = {David Robinson and Julia Silge},
  year = {2020},
  note = {R package version 0.2.3},
  url = {https://CRAN.R-project.org/package=tidytext},
}
@Manual{R-tidyverse,
  title = {tidyverse: Easily Install and Load the 'Tidyverse'},
  author = {Hadley Wickham},
  year = {2019},
  note = {R package version 1.3.0},
  url = {https://CRAN.R-project.org/package=tidyverse},
}
@Manual{R-timeDate,
  title = {timeDate: Rmetrics - Chronological and Calendar Objects},
  author = {Diethelm Wuertz and Tobias Setz and Yohan Chalabi and Martin Maechler and Joe W. Byers},
  year = {2018},
  note = {R package version 3043.102},
  url = {https://CRAN.R-project.org/package=timeDate},
}
@Manual{R-tinytex,
  title = {tinytex: Helper Functions to Install and Maintain TeX Live, and Compile
LaTeX Documents},
  author = {Yihui Xie},
  year = {2020},
  note = {R package version 0.22},
  url = {https://CRAN.R-project.org/package=tinytex},
}
@Manual{R-tokenizers,
  title = {tokenizers: Fast, Consistent Tokenization of Natural Language Text},
  author = {Lincoln Mullen},
  year = {2018},
  note = {R package version 0.2.1},
  url = {https://CRAN.R-project.org/package=tokenizers},
}
@Manual{R-transformr,
  title = {transformr: Polygon and Path Transformations},
  author = {Thomas Lin Pedersen},
  year = {2018},
  note = {R package version 0.1.1},
  url = {https://CRAN.R-project.org/package=transformr},
}
@Manual{R-tseries,
  title = {tseries: Time Series Analysis and Computational Finance},
  author = {Adrian Trapletti and Kurt Hornik},
  year = {2019},
  note = {R package version 0.10-47},
  url = {https://CRAN.R-project.org/package=tseries},
}
@Manual{R-TTR,
  title = {TTR: Technical Trading Rules},
  author = {Joshua Ulrich},
  year = {2019},
  note = {R package version 0.23-6},
  url = {https://CRAN.R-project.org/package=TTR},
}
@Manual{R-tune,
  title = {tune: Tidy Tuning Tools},
  author = {Max Kuhn},
  year = {2020},
  note = {R package version 0.1.0},
  url = {https://CRAN.R-project.org/package=tune},
}
@Manual{R-tweenr,
  title = {tweenr: Interpolate Data for Smooth Animations},
  author = {Thomas Lin Pedersen},
  year = {2018},
  note = {R package version 1.0.1},
  url = {https://CRAN.R-project.org/package=tweenr},
}
@Manual{R-units,
  title = {units: Measurement Units for R Vectors},
  author = {Edzer Pebesma and Thomas Mailund and Tomasz Kalinowski},
  year = {2020},
  note = {R package version 0.6-6},
  url = {https://CRAN.R-project.org/package=units},
}
@Manual{R-urca,
  title = {urca: Unit Root and Cointegration Tests for Time Series Data},
  author = {Bernhard Pfaff},
  year = {2016},
  note = {R package version 1.3-0},
  url = {https://CRAN.R-project.org/package=urca},
}
@Manual{R-utf8,
  title = {utf8: Unicode Text Processing},
  author = {Patrick O. Perry},
  year = {2018},
  note = {R package version 1.1.4},
  url = {https://CRAN.R-project.org/package=utf8},
}
@Manual{R-vctrs,
  title = {vctrs: Vector Helpers},
  author = {Hadley Wickham and Lionel Henry and Davis Vaughan},
  year = {2020},
  note = {R package version 0.3.0},
  url = {https://CRAN.R-project.org/package=vctrs},
}
@Manual{R-vegan,
  title = {vegan: Community Ecology Package},
  author = {Jari Oksanen and F. Guillaume Blanchet and Michael Friendly and Roeland Kindt and Pierre Legendre and Dan McGlinn and Peter R. Minchin and R. B. O'Hara and Gavin L. Simpson and Peter Solymos and M. Henry H. Stevens and Eduard Szoecs and Helene Wagner},
  year = {2019},
  note = {R package version 2.5-6},
  url = {https://CRAN.R-project.org/package=vegan},
}
@Manual{R-viridis,
  title = {viridis: Default Color Maps from 'matplotlib'},
  author = {Simon Garnier},
  year = {2018},
  note = {R package version 0.5.1},
  url = {https://CRAN.R-project.org/package=viridis},
}
@Manual{R-viridisLite,
  title = {viridisLite: Default Color Maps from 'matplotlib' (Lite Version)},
  author = {Simon Garnier},
  year = {2018},
  note = {R package version 0.3.0},
  url = {https://CRAN.R-project.org/package=viridisLite},
}
@Manual{R-whisker,
  title = {whisker: {{mustache}} for R, Logicless Templating},
  author = {Edwin {de Jonge}},
  year = {2019},
  note = {R package version 0.4},
  url = {https://CRAN.R-project.org/package=whisker},
}
@Manual{R-withr,
  title = {withr: Run Code 'With' Temporarily Modified Global State},
  author = {Jim Hester and Kirill Müller and Kevin Ushey and Hadley Wickham and Winston Chang},
  year = {2020},
  note = {R package version 2.2.0},
  url = {https://CRAN.R-project.org/package=withr},
}
@Manual{R-workflows,
  title = {workflows: Modeling Workflows},
  author = {Davis Vaughan},
  year = {2020},
  note = {R package version 0.1.1},
  url = {https://CRAN.R-project.org/package=workflows},
}
@Manual{R-xfun,
  title = {xfun: Miscellaneous Functions by 'Yihui Xie'},
  author = {Yihui Xie},
  year = {2020},
  note = {R package version 0.13},
  url = {https://CRAN.R-project.org/package=xfun},
}
@Manual{R-XML,
  title = {XML: Tools for Parsing and Generating XML Within R and S-Plus},
  author = {Duncan {Temple Lang}},
  year = {2020},
  note = {R package version 3.99-0.3},
  url = {https://CRAN.R-project.org/package=XML},
}
@Manual{R-xml2,
  title = {xml2: Parse XML},
  author = {Hadley Wickham and Jim Hester and Jeroen Ooms},
  year = {2020},
  note = {R package version 1.3.2},
  url = {https://CRAN.R-project.org/package=xml2},
}
@Manual{R-xtable,
  title = {xtable: Export Tables to LaTeX or HTML},
  author = {David B. Dahl and David Scott and Charles Roosen and Arni Magnusson and Jonathan Swinton},
  year = {2019},
  note = {R package version 1.8-4},
  url = {https://CRAN.R-project.org/package=xtable},
}
@Manual{R-xts,
  title = {xts: eXtensible Time Series},
  author = {Jeffrey A. Ryan and Joshua M. Ulrich},
  year = {2020},
  note = {R package version 0.12-0},
  url = {https://CRAN.R-project.org/package=xts},
}
@Manual{R-yaml,
  title = {yaml: Methods to Convert R Data to YAML and Back},
  author = {Jeremy Stephens and Kirill Simonov and Yihui Xie and Zhuoer Dong and Hadley Wickham and Jeffrey Horner and {reikoch} and Will Beasley and Brendan O'Connor and Gregory R. Warnes},
  year = {2020},
  note = {R package version 2.2.1},
  url = {https://CRAN.R-project.org/package=yaml},
}
@Manual{R-yardstick,
  title = {yardstick: Tidy Characterizations of Model Performance},
  author = {Max Kuhn and Davis Vaughan},
  year = {2020},
  note = {R package version 0.0.6},
  url = {https://CRAN.R-project.org/package=yardstick},
}
@Manual{R-zoo,
  title = {zoo: S3 Infrastructure for Regular and Irregular Time Series (Z's
Ordered Observations)},
  author = {Achim Zeileis and Gabor Grothendieck and Jeffrey A. Ryan},
  year = {2020},
  note = {R package version 1.8-7},
  url = {https://CRAN.R-project.org/package=zoo},
}
@Article{animation2013,
  title = {{animation}: An {R} Package for Creating Animations and Demonstrating Statistical Methods},
  author = {Yihui Xie},
  journal = {Journal of Statistical Software},
  year = {2013},
  volume = {53},
  number = {1},
  pages = {1--27},
  url = {http://www.jstatsoft.org/v53/i01/},
}
@Article{bayesplot2019,
  title = {Visualization in Bayesian workflow},
  author = {Jonah Gabry and Daniel Simpson and Aki Vehtari and Michael Betancourt and Andrew Gelman},
  year = {2019},
  journal = {J. R. Stat. Soc. A},
  volume = {182},
  issue = {2},
  pages = {389-402},
  doi = {10.1111/rssa.12378},
}
@Article{bfast2010a,
  title = {Detecting Trend and Seasonal Changes in Satellite Image Time Series},
  author = {Jan Verbesselt and Rob Hyndman and Glenn Newnham and Darius Culvenor},
  journal = {Remote Sensing of Environment},
  year = {2010},
  volume = {114},
  number = {1},
  pages = {106--115},
  doi = {10.1016/j.rse.2009.08.014},
}
@Article{bfast2010b,
  title = {Phenological Change Detection while Accounting for Abrupt and Gradual Trends in Satellite Image Time Series},
  author = {Jan Verbesselt and Rob Hyndman and Achim Zeileis and Darius Culvenor},
  journal = {Remote Sensing of Environment},
  year = {2010},
  volume = {114},
  number = {12},
  pages = {2970--2980},
  doi = {10.1016/j.rse.2010.08.003},
}
@TechReport{bfast2011a,
  title = {Near Real-Time Disturbance Detection in Terrestrial Ecosystems Using Satellite Image Time Series: Drought Detection in {S}omalia},
  author = {Jan Verbesselt and Achim Zeileis and Martin Herold},
  institution = {Working Papers in Economics and Statistics, Research Platform Empirical
  		  and Experimental Economics, Universit\"at Innsbruck},
  year = {2011},
  type = {Working Paper},
  number = {2011-18},
  month = {June},
  url = {http://EconPapers.RePEc.org/RePEc:inn:wpaper:2011-18},
}
@Book{boot1997,
  title = {Bootstrap Methods and Their Applications},
  author = {A. C. Davison and D. V. Hinkley},
  publisher = {Cambridge University Press},
  address = {Cambridge},
  year = {1997},
  note = {ISBN 0-521-57391-2},
  url = {http://statwww.epfl.ch/davison/BMA/},
}
@Article{checkmate,
  title = {{checkmate}: Fast Argument Checks for Defensive R Programming},
  author = {Michel Lang},
  journal = {The R Journal},
  year = {2017},
  url = {https://journal.r-project.org/archive/2017/RJ-2017-028/index.html},
  pages = {437--445},
  volume = {9},
  number = {1},
}
@Book{class2002,
  title = {Modern Applied Statistics with S},
  author = {W. N. Venables and B. D. Ripley},
  publisher = {Springer},
  edition = {Fourth},
  address = {New York},
  year = {2002},
  note = {ISBN 0-387-95457-0},
  url = {http://www.stats.ox.ac.uk/pub/MASS4},
}
@Article{coda2006,
  title = {CODA: Convergence Diagnosis and Output Analysis for MCMC},
  author = {Martyn Plummer and Nicky Best and Kate Cowles and Karen Vines},
  journal = {R News},
  year = {2006},
  volume = {6},
  number = {1},
  pages = {7--11},
  url = {https://journal.r-project.org/archive/},
  pdf = {https://www.r-project.org/doc/Rnews/Rnews_2006-1.pdf},
}
@TechReport{colorspace2019a,
  title = {{colorspace}: A Toolbox for Manipulating and Assessing Colors and Palettes},
  author = {Achim Zeileis and Jason C. Fisher and Kurt Hornik and Ross Ihaka and Claire D. McWhite and Paul Murrell and Reto Stauffer and Claus O. Wilke},
  year = {2019},
  institution = {arXiv.org E-Print Archive},
  type = {arXiv},
  number = {1903.06490},
  month = {March},
  url = {http://arxiv.org/abs/1903.06490},
}
@Article{colorspace2009a,
  title = {Escaping {RGB}land: Selecting Colors for Statistical Graphics},
  author = {Achim Zeileis and Kurt Hornik and Paul Murrell},
  journal = {Computational Statistics \& Data Analysis},
  year = {2009},
  volume = {53},
  number = {9},
  pages = {3259--3270},
  doi = {10.1016/j.csda.2008.11.033},
}
@Article{colorspace2009b,
  title = {Somewhere over the Rainbow: How to Make Effective Use of Colors in Meteorological Visualizations},
  author = {Reto Stauffer and Georg J. Mayr and Markus Dabernig and Achim Zeileis},
  journal = {Bulletin of the American Meteorological Society},
  year = {2009},
  volume = {96},
  number = {2},
  pages = {203--216},
  doi = {10.1175/BAMS-D-13-00155.1},
}
@Article{dendextend2015,
  author = {Tal Galili},
  title = {dendextend: an R package for visualizing, adjusting, and comparing trees of hierarchical clustering},
  journal = {Bioinformatics},
  year = {2015},
  doi = {10.1093/bioinformatics/btv428},
  url = {https://academic.oup.com/bioinformatics/article/31/22/3718/240978/dendextend-an-R-package-for-visualizing-adjusting},
  eprint = {https://academic.oup.com/bioinformatics/article-pdf/31/22/3718/17122682/btv428.pdf},
}
@Article{DiceDesign2015,
  title = {{DiceDesign} and {DiceEval}: Two {R} Packages for Design and Analysis of Computer Experiments},
  author = {Delphine Dupuy and C{\'e}line Helbert and Jessica Franco},
  journal = {Journal of Statistical Software},
  year = {2015},
  volume = {65},
  number = {11},
  pages = {1--38},
  url = {http://www.jstatsoft.org/v65/i11/},
}
@Article{forecast2008,
  title = {Automatic time series forecasting: the forecast package for {R}},
  author = {Rob J Hyndman and Yeasmin Khandakar},
  journal = {Journal of Statistical Software},
  volume = {26},
  number = {3},
  pages = {1--22},
  year = {2008},
  url = {http://www.jstatsoft.org/article/view/v027i03},
}
@Article{ggmap2013,
  author = {David Kahle and Hadley Wickham},
  title = {ggmap: Spatial Visualization with ggplot2},
  journal = {The R Journal},
  year = {2013},
  volume = {5},
  number = {1},
  pages = {144--161},
  url = {https://journal.r-project.org/archive/2013-1/kahle-wickham.pdf},
}
@Book{ggplot22016,
  author = {Hadley Wickham},
  title = {ggplot2: Elegant Graphics for Data Analysis},
  publisher = {Springer-Verlag New York},
  year = {2016},
  isbn = {978-3-319-24277-4},
  url = {https://ggplot2.tidyverse.org},
}
@Article{GPfit2015,
  title = {{GPfit}: An {R} Package for Fitting a Gaussian Process Model to Deterministic Simulator Outputs},
  author = {Blake MacDonald and Pritam Ranjan and Hugh Chipman},
  journal = {Journal of Statistical Software},
  year = {2015},
  volume = {64},
  number = {12},
  pages = {1--23},
  url = {http://www.jstatsoft.org/v64/i12/},
}
@Article{igraph2006,
  title = {The igraph software package for complex network research},
  author = {Gabor Csardi and Tamas Nepusz},
  journal = {InterJournal},
  volume = {Complex Systems},
  pages = {1695},
  year = {2006},
  url = {http://igraph.org},
}
@Article{jsonlite2014,
  title = {The jsonlite Package: A Practical and Consistent Mapping Between JSON Data and R Objects},
  author = {Jeroen Ooms},
  journal = {arXiv:1403.2805 [stat.CO]},
  year = {2014},
  url = {https://arxiv.org/abs/1403.2805},
}
@Book{knitr2015,
  title = {Dynamic Documents with {R} and knitr},
  author = {Yihui Xie},
  publisher = {Chapman and Hall/CRC},
  address = {Boca Raton, Florida},
  year = {2015},
  edition = {2nd},
  note = {ISBN 978-1498716963},
  url = {https://yihui.org/knitr/},
}
@InCollection{knitr2014,
  booktitle = {Implementing Reproducible Computational Research},
  editor = {Victoria Stodden and Friedrich Leisch and Roger D. Peng},
  title = {knitr: A Comprehensive Tool for Reproducible Research in {R}},
  author = {Yihui Xie},
  publisher = {Chapman and Hall/CRC},
  year = {2014},
  note = {ISBN 978-1466561595},
  url = {http://www.crcpress.com/product/isbn/9781466561595},
}
@Book{lattice2008,
  title = {Lattice: Multivariate Data Visualization with R},
  author = {Deepayan Sarkar},
  publisher = {Springer},
  address = {New York},
  year = {2008},
  note = {ISBN 978-0-387-75968-5},
  url = {http://lmdvr.r-forge.r-project.org},
}
@Article{lava2013,
  title = {Linear Latent Variable Models: The lava-package},
  author = {Klaus K. Holst and Esben Budtz-Joergensen},
  year = {2013},
  volume = {28},
  number = {4},
  pages = {1385-1452},
  journal = {Computational Statistics},
  doi = {10.1007/s00180-012-0344-y},
}
@Article{lava2019,
  title = {A two-stage estimation procedure for non-linear structural equation models},
  author = {Klaus K. Holst and Esben Budtz-Joergensen},
  year = {2019},
  journal = {Biostatistics},
  doi = {10.1007/s00180-012-0344-y},
}
@Article{lme42015,
  title = {Fitting Linear Mixed-Effects Models Using {lme4}},
  author = {Douglas Bates and Martin M{\"a}chler and Ben Bolker and Steve Walker},
  journal = {Journal of Statistical Software},
  year = {2015},
  volume = {67},
  number = {1},
  pages = {1--48},
  doi = {10.18637/jss.v067.i01},
}
@Article{lmtest2002,
  title = {Diagnostic Checking in Regression Relationships},
  author = {Achim Zeileis and Torsten Hothorn},
  journal = {R News},
  year = {2002},
  volume = {2},
  number = {3},
  pages = {7--10},
  url = {https://CRAN.R-project.org/doc/Rnews/},
}
@Article{loo2017a,
  title = {Practical Bayesian model evaluation using leave-one-out cross-validation and WAIC},
  author = {Aki Vehtari and Andrew Gelman and Jonah Gabry},
  year = {2017},
  journal = {Statistics and Computing},
  volume = {27},
  issue = {5},
  pages = {1413--1432},
  doi = {10.1007/s11222-016-9696-4},
}
@Article{loo2017b,
  title = {Using stacking to average Bayesian predictive distributions},
  author = {Yuling Yao and Aki Vehtari and Daniel Simpson and Andrew Gelman},
  year = {2017},
  journal = {Bayesian Analysis},
  doi = {10.1214/17-BA1091},
}
@Article{lubridate2011,
  title = {Dates and Times Made Easy with {lubridate}},
  author = {Garrett Grolemund and Hadley Wickham},
  journal = {Journal of Statistical Software},
  year = {2011},
  volume = {40},
  number = {3},
  pages = {1--25},
  url = {http://www.jstatsoft.org/v40/i03/},
}
@Book{MASS2002,
  title = {Modern Applied Statistics with S},
  author = {W. N. Venables and B. D. Ripley},
  publisher = {Springer},
  edition = {Fourth},
  address = {New York},
  year = {2002},
  note = {ISBN 0-387-95457-0},
  url = {http://www.stats.ox.ac.uk/pub/MASS4},
}
@Article{mgcv2011,
  title = {Fast stable restricted maximum likelihood and marginal 
likelihood estimation of semiparametric generalized linear models},
  journal = {Journal of the Royal Statistical Society (B)},
  volume = {73},
  number = {1},
  pages = {3-36},
  year = {2011},
  author = {S. N. Wood},
}
@Article{mgcv2016,
  title = {Smoothing parameter and model selection for general smooth models (with discussion)},
  author = {S.N. Wood and {N.} and {Pya} and B. S{"a}fken},
  journal = {Journal of the American Statistical Association},
  year = {2016},
  pages = {1548-1575},
  volume = {111},
}
@Article{mgcv2004,
  title = {Stable and efficient multiple smoothing parameter estimation for 
         generalized additive models},
  journal = {Journal of the American Statistical Association},
  volume = {99},
  number = {467},
  pages = {673-686},
  year = {2004},
  author = {S. N. Wood},
}
@Book{mgcv2017,
  title = {Generalized Additive Models: An Introduction with R},
  year = {2017},
  author = {S.N Wood},
  edition = {2},
  publisher = {Chapman and Hall/CRC},
}
@Article{mgcv2003,
  title = {Thin-plate regression splines},
  journal = {Journal of the Royal Statistical Society (B)},
  volume = {65},
  number = {1},
  pages = {95-114},
  year = {2003},
  author = {S. N. Wood},
}
@Article{nloptr?,
  title = {The NLopt nonlinear-optimization package},
  author = {Steven G. Johnson},
  year = {?},
  journal = {?},
  volume = {?},
  number = {?},
  pages = {?},
}
@Book{nnet2002,
  title = {Modern Applied Statistics with S},
  author = {W. N. Venables and B. D. Ripley},
  publisher = {Springer},
  edition = {Fourth},
  address = {New York},
  year = {2002},
  note = {ISBN 0-387-95457-0},
  url = {http://www.stats.ox.ac.uk/pub/MASS4},
}
@Article{normalr2018,
  author = {Matthew G.R. Courtney and Kevin C. Chang},
  title = {Dealing with non‐normality: an introduction and step‐by‐step guide using R},
  year = {2018},
  doi = {10.1111/test.12154},
  journal = {Teaching Statistics},
}
@Article{plyr2011,
  title = {The Split-Apply-Combine Strategy for Data Analysis},
  author = {Hadley Wickham},
  journal = {Journal of Statistical Software},
  year = {2011},
  volume = {40},
  number = {1},
  pages = {1--29},
  url = {http://www.jstatsoft.org/v40/i01/},
}
@Article{pROC2011,
  title = {pROC: an open-source package for R and S+ to analyze and compare ROC curves},
  author = {Xavier Robin and Natacha Turck and Alexandre Hainard and Natalia Tiberti and Frédérique Lisacek and Jean-Charles Sanchez and Markus Müller},
  year = {2011},
  journal = {BMC Bioinformatics},
  volume = {12},
  pages = {77},
}
@InProceedings{R.methodsS32003,
  author = {Henrik Bengtsson},
  title = {The {R.oo} package - Object-Oriented Programming with References Using Standard {R} Code},
  booktitle = {Proceedings of the 3rd International Workshop on Distributed Statistical Computing (DSC 2003)},
  year = {2003},
  editor = {Kurt Hornik and Friedrich Leisch and Achim Zeileis},
  address = {Vienna, Austria},
  month = {March},
  issn = {1609-395X},
  url = {https://www.r-project.org/conferences/DSC-2003/Proceedings/Bengtsson.pdf},
  howpublished = {https://www.r-project.org/conferences/DSC-2003/Proceedings/},
}
@InProceedings{R.oo2003,
  author = {Henrik Bengtsson},
  title = {The {R.oo} package - Object-Oriented Programming with References Using Standard {R} Code},
  booktitle = {Proceedings of the 3rd International Workshop on Distributed Statistical Computing (DSC 2003)},
  year = {2003},
  editor = {Kurt Hornik and Friedrich Leisch and Achim Zeileis},
  address = {Vienna, Austria},
  month = {March},
  issn = {1609-395X},
  url = {https://www.r-project.org/conferences/DSC-2003/Proceedings/Bengtsson.pdf},
  howpublished = {https://www.r-project.org/conferences/DSC-2003/Proceedings/},
}
@Article{ranger2017,
  title = {{ranger}: A Fast Implementation of Random Forests for High Dimensional Data in {C++} and {R}},
  author = {Marvin N. Wright and Andreas Ziegler},
  journal = {Journal of Statistical Software},
  year = {2017},
  volume = {77},
  number = {1},
  pages = {1--17},
  doi = {10.18637/jss.v077.i01},
}
@Article{Rcpp2011,
  title = {{Rcpp}: Seamless {R} and {C++} Integration},
  author = {Dirk Eddelbuettel and Romain Fran\c{c}ois},
  journal = {Journal of Statistical Software},
  year = {2011},
  volume = {40},
  number = {8},
  pages = {1--18},
  url = {http://www.jstatsoft.org/v40/i08/},
  doi = {10.18637/jss.v040.i08},
}
@Book{Rcpp2013,
  title = {Seamless {R} and {C++} Integration with {Rcpp}},
  author = {Dirk Eddelbuettel},
  publisher = {Springer},
  address = {New York},
  year = {2013},
  note = {ISBN 978-1-4614-6867-7},
  doi = {10.1007/978-1-4614-6868-4},
}
@Article{Rcpp2017,
  title = {{Extending 	extit{R} with 	extit{C++}: A Brief Introduction to 	extit{Rcpp}}},
  author = {Dirk Eddelbuettel and James Joseph Balamuta},
  journal = {PeerJ Preprints},
  year = {2017},
  month = {aug},
  volume = {5},
  pages = {e3188v1},
  issn = {2167-9843},
  url = {https://doi.org/10.7287/peerj.preprints.3188v1},
  doi = {10.7287/peerj.preprints.3188v1},
}
@Article{RcppArmadillo2014,
  title = {RcppArmadillo: Accelerating R with high-performance C++ linear algebra},
  author = {Dirk Eddelbuettel and Conrad Sanderson},
  journal = {Computational	Statistics and Data Analysis},
  year = {2014},
  volume = {71},
  month = {March},
  pages = {1054--1063},
  url = {http://dx.doi.org/10.1016/j.csda.2013.02.005},
}
@Article{RcppEigen2013,
  title = {Fast and Elegant Numerical Linear Algebra Using the {RcppEigen} Package},
  author = {Douglas Bates and Dirk Eddelbuettel},
  journal = {Journal of Statistical Software},
  year = {2013},
  volume = {52},
  number = {5},
  pages = {1--24},
  url = {http://www.jstatsoft.org/v52/i05/},
}
@Article{reshape22007,
  title = {Reshaping Data with the {reshape} Package},
  author = {Hadley Wickham},
  journal = {Journal of Statistical Software},
  year = {2007},
  volume = {21},
  number = {12},
  pages = {1--20},
  url = {http://www.jstatsoft.org/v21/i12/},
}
@Article{RgoogleMaps2015,
  title = {{RgoogleMaps} and {loa}: Unleashing {R} Graphics Power on Map Tiles},
  author = {Markus Loecher and Karl Ropkins},
  journal = {Journal of Statistical Software},
  year = {2015},
  volume = {63},
  number = {4},
  pages = {1--18},
  url = {http://www.jstatsoft.org/v63/i04/},
}
@Book{rmarkdown2018,
  title = {R Markdown: The Definitive Guide},
  author = {Yihui Xie and J.J. Allaire and Garrett Grolemund},
  publisher = {Chapman and Hall/CRC},
  address = {Boca Raton, Florida},
  year = {2018},
  note = {ISBN 9781138359338},
  url = {https://bookdown.org/yihui/rmarkdown},
}
@Article{ROCR2005,
  entry = {article},
  title = {ROCR: visualizing classifier performance in R},
  author = {T. Sing and O. Sander and N. Beerenwinkel and T. Lengauer},
  year = {2005},
  journal = {Bioinformatics},
  volume = {21},
  number = {20},
  pages = {7881},
  url = {http://rocr.bioinf.mpi-sb.mpg.de},
}
@Misc{rstanarm2018,
  title = {Joint longitudinal and time-to-event models via {Stan}.},
  author = {SL Brilleman and MJ Crowther and M Moreno-Betancur and J {Buros Novik} and R Wolfe},
  note = {StanCon 2018. 10-12 Jan 2018. Pacific Grove, CA, USA.},
  url = {https://github.com/stan-dev/stancon_talks/},
  year = {2018},
}
@Article{sandwich2004,
  title = {Econometric Computing with {HC} and {HAC} Covariance Matrix Estimators},
  author = {Achim Zeileis},
  journal = {Journal of Statistical Software},
  year = {2004},
  volume = {11},
  number = {10},
  pages = {1--17},
  doi = {10.18637/jss.v011.i10},
}
@Article{sandwich2006,
  title = {Object-Oriented Computation of Sandwich Estimators},
  author = {Achim Zeileis},
  journal = {Journal of Statistical Software},
  year = {2006},
  volume = {16},
  number = {9},
  pages = {1--16},
  doi = {10.18637/jss.v016.i09},
}
@TechReport{sandwich2017,
  title = {Various Versatile Variances: An Object-Oriented Implementation of Clustered Covariances in {R}},
  author = {Susanne Berger and Nathaniel Graham and Achim Zeileis},
  institution = {Working Papers in Economics and Statistics, Research Platform Empirical and Experimental Economics, Universit\"at Innsbruck},
  year = {2017},
  type = {Working Paper},
  number = {2017-12},
  month = {July},
  url = {http://EconPapers.RePEc.org/RePEc:inn:wpaper:2017-12},
}
@TechReport{selectr2012,
  title = {Introducing the selectr Package},
  author = {Simon Potter},
  institution = {The University of Auckland},
  address = {Auckland, New Zealand},
  year = {2012},
  url = {http://stattech.wordpress.fos.auckland.ac.nz/2012-10-introducing-the-selectr-package/},
}
@Article{sf2018,
  author = {Edzer Pebesma},
  title = {{Simple Features for R: Standardized Support for Spatial Vector Data}},
  year = {2018},
  journal = {{The R Journal}},
  doi = {10.32614/RJ-2018-009},
  url = {https://doi.org/10.32614/RJ-2018-009},
  pages = {439--446},
  volume = {10},
  number = {1},
}
@Article{sp2005,
  author = {Edzer J. Pebesma and Roger S. Bivand},
  title = {Classes and methods for spatial data in {R}},
  journal = {R News},
  year = {2005},
  volume = {5},
  number = {2},
  pages = {9--13},
  month = {November},
  url = {https://CRAN.R-project.org/doc/Rnews/},
}
@Book{sp2013,
  author = {Roger S. Bivand and Edzer Pebesma and Virgilio Gomez-Rubio},
  title = {Applied spatial data analysis with {R}, Second edition},
  year = {2013},
  publisher = {Springer, NY},
  url = {https://asdar-book.org/},
}
@Article{spdep2018,
  author = {Roger Bivand and David W. S. Wong},
  title = {Comparing implementations of global and local indicators of spatial association},
  journal = {TEST},
  year = {2018},
  volume = {27},
  number = {3},
  pages = {716--748},
  url = {https://doi.org/10.1007/s11749-018-0599-x},
}
@Book{spdep2013,
  author = {Roger S. Bivand and Edzer Pebesma and Virgilio Gomez-Rubio},
  title = {Applied spatial data analysis with {R}, Second edition},
  year = {2013},
  publisher = {Springer, NY},
  url = {http://www.asdar-book.org/},
}
@Article{SQUAREM2020,
  title = {{SQUAREM}: An {R} Package for Off-the-Shelf Acceleration of {EM}, {MM} and Other {EM}-Like Monotone Algorithms},
  author = {Yu Du and Ravi Varadhan},
  journal = {Journal of Statistical Software},
  year = {2020},
  volume = {92},
  number = {7},
  pages = {1--41},
  doi = {10.18637/jss.v092.i07},
}
@Article{statmod2016a,
  author = {Goknur Giner and Gordon K. Smyth},
  year = {2016},
  title = {statmod: probability calculations for the inverse Gaussian distribution},
  journal = {R Journal},
  volume = {8},
  number = {1},
  pages = {339-351},
}
@Article{statmod2010a,
  author = {Belinda Phipson and Gordon K. Smyth},
  year = {2010},
  title = {Permutation p-values should never be zero: calculating exact p-values when permutations are randomly drawn},
  journal = {Statistical Applications in Genetics and Molecular Biology},
  volume = {9},
  number = {1},
  pages = {Article 39},
}
@Article{statmod2009a,
  author = {Yifang Hu and Gordon K. Smyth},
  year = {2009},
  title = {ELDA: extreme limiting dilution analysis for comparing depleted and enriched populations in stem cell and other assays},
  journal = {Journal of Immunological Methods},
  volume = {347},
  number = {1},
  pages = {70-78},
}
@Article{statmod2005a,
  author = {Gordon K. Smyth},
  title = {Optimization and nonlinear equations},
  journal = {Encyclopedia of Biostatistics},
  year = {2005},
  publisher = {John Wiley and Sons, Ltd},
  pages = {3088-3095},
}
@Article{statmod2005b,
  author = {Gordon K. Smyth},
  title = {Numerical integration},
  journal = {Encyclopedia of Biostatistics},
  year = {2005},
  publisher = {John Wiley and Sons, Ltd},
  pages = {3088-3095},
}
@Article{statmod2002a,
  author = {Gordon K. Smyth},
  year = {2002},
  title = {An efficient algorithm for REML in heteroscedastic regression},
  journal = {Journal of Computational and Graphical Statistics},
  volume = {11},
  pages = {836-847},
}
@Article{statmod1996a,
  author = {Peter K. Dunn and Gordon K. Smyth},
  year = {1996},
  title = {Randomized quantile residuals},
  journal = {J. Comput. Graph. Statist},
  volume = {5},
  pages = {236-244},
}
@Manual{stringi2020,
  title = {R package stringi: Character string processing facilities},
  author = {Marek Gagolewski},
  year = {2020},
  url = {http://www.gagolewski.com/software/stringi/},
}
@Article{strucchange2002,
  title = {strucchange: An R Package for Testing
                  for Structural Change in Linear Regression Models},
  author = {Achim Zeileis and Friedrich Leisch and Kurt Hornik and Christian Kleiber},
  journal = {Journal of Statistical Software},
  year = {2002},
  volume = {7},
  number = {2},
  pages = {1--38},
  url = {http://www.jstatsoft.org/v07/i02/},
}
@Article{strucchange2003,
  title = {Testing and Dating of Structural Changes in Practice},
  author = {Achim Zeileis and Christian Kleiber and Walter Kr\"amer and Kurt Hornik},
  journal = {Computational Statistics \& Data Analysis},
  year = {2003},
  volume = {44},
  pages = {109--123},
}
@Article{strucchange2006,
  title = {Implementing a Class of Structural Change Tests: An Econometric Computing Approach},
  author = {Achim Zeileis},
  journal = {Computational Statistics \& Data Analysis},
  year = {2006},
  volume = {50},
  pages = {2987--3008},
}
@Book{survival-book,
  title = {Modeling Survival Data: Extending the {C}ox Model},
  author = {{Terry M. Therneau} and {Patricia M. Grambsch}},
  year = {2000},
  publisher = {Springer},
  address = {New York},
  isbn = {0-387-98784-3},
}
@Article{testthat2011,
  author = {Hadley Wickham},
  title = {testthat: Get Started with Testing},
  journal = {The R Journal},
  year = {2011},
  volume = {3},
  pages = {5--10},
  url = {https://journal.r-project.org/archive/2011-1/RJournal_2011-1_Wickham.pdf},
}
@Article{tidytext2016,
  title = {tidytext: Text Mining and Analysis Using Tidy Data Principles in R},
  author = {Julia Silge and David Robinson},
  doi = {10.21105/joss.00037},
  url = {http://dx.doi.org/10.21105/joss.00037},
  year = {2016},
  publisher = {The Open Journal},
  volume = {1},
  number = {3},
  journal = {JOSS},
}
@Article{tidyverse2019,
  title = {Welcome to the {tidyverse}},
  author = {Hadley Wickham and Mara Averick and Jennifer Bryan and Winston Chang and Lucy D'Agostino McGowan and Romain François and Garrett Grolemund and Alex Hayes and Lionel Henry and Jim Hester and Max Kuhn and Thomas Lin Pedersen and Evan Miller and Stephan Milton Bache and Kirill Müller and Jeroen Ooms and David Robinson and Dana Paige Seidel and Vitalie Spinu and Kohske Takahashi and Davis Vaughan and Claus Wilke and Kara Woo and Hiroaki Yutani},
  year = {2019},
  journal = {Journal of Open Source Software},
  volume = {4},
  number = {43},
  pages = {1686},
  doi = {10.21105/joss.01686},
}
@Article{tinytex2019,
  title = {TinyTeX: A lightweight, cross-platform, and easy-to-maintain LaTeX distribution based on TeX Live},
  author = {Yihui Xie},
  journal = {TUGboat},
  year = {2019},
  volumne = {40},
  number = {1},
  pages = {30--32},
  url = {http://tug.org/TUGboat/Contents/contents40-1.html},
}
@Article{tokenizers2018,
  title = {Fast, Consistent Tokenization of Natural Language Text},
  author = {Lincoln A. Mullen and Kenneth Benoit and Os Keyes and Dmitry Selivanov and Jeffrey Arnold},
  journal = {Journal of Open Source Software},
  year = {2018},
  volume = {3},
  issue = {23},
  pages = {655},
  url = {https://doi.org/10.21105/joss.00655},
  doi = {10.21105/joss.00655},
}
@Article{units2016,
  title = {Measurement Units in {R}},
  author = {Edzer Pebesma and Thomas Mailund and James Hiebert},
  year = {2016},
  journal = {R Journal},
  doi = {10.32614/RJ-2016-061},
  pages = {486--494},
  volume = {8},
  number = {2},
}
@Book{urca2008,
  title = {Analysis of Integrated and Cointegrated Time Series with R},
  author = {B. Pfaff},
  publisher = {Springer},
  edition = {Second},
  address = {New York},
  year = {2008},
  note = {ISBN 0-387-27960-1},
  url = {http://www.pfaffikus.de},
}
@Article{zoo2005,
  title = {zoo: S3 Infrastructure for Regular and Irregular Time Series},
  author = {Achim Zeileis and Gabor Grothendieck},
  journal = {Journal of Statistical Software},
  year = {2005},
  volume = {14},
  number = {6},
  pages = {1--27},
  doi = {10.18637/jss.v014.i06},
}
