@misc{circuitjulia,
Author = {Ranjan Anantharaman and Kimberly Hall and Viral Shah and Alan Edelman},
Title = {Circuitscape in Julia: High Performance Connectivity Modelling to Support Conservation Decisions},
Year = {2019},
Eprint = {arXiv:1906.03542},
}

@Manual{R,
  title        = {R: A Language and Environment for Statistical
                  Computing},
  author       = {{R Core Team}},
  organization = {R Foundation for Statistical Computing},
  address      = {Vienna, Austria},
  year         = 2020,
  url          = {https://www.R-project.org}
}